
  
  
  
  
  
  
  
  
  
  
  
  
 
  
  <record xsi:schemaLocation="http://www.loc.gov/MARC21/slim http://www.loc.gov/standards/marcxml/schema/MARC21slim.xsd">
      <leader>00000cam a22      i 4500</leader>
      <controlfield tag="FMT">BK</controlfield>
      <controlfield tag="LDR">00000cam a22      i 4500</controlfield>
      <controlfield tag="001">005836013</controlfield>
      <controlfield tag="005">20171006114156.0</controlfield>
      <controlfield tag="008">171002s2015    nyua     b    001 0 eng c</controlfield>
      <datafield tag="010" ind1=" " ind2=" ">
         <subfield code="a">  2014008109</subfield>
      </datafield>
      <datafield tag="020" ind1=" " ind2=" ">
         <subfield code="a">9780415843690</subfield>
         <subfield code="q">(hbk.)</subfield>
      </datafield>
      <datafield tag="020" ind1=" " ind2=" ">
         <subfield code="a">0415843693</subfield>
         <subfield code="q">(hbk.)</subfield>
      </datafield>
      <datafield tag="020" ind1=" " ind2=" ">
         <subfield code="z">9780203754139</subfield>
         <subfield code="q">(ebk)</subfield>
      </datafield>
      <datafield tag="024" ind1="8" ind2=" ">
         <subfield code="a">40023934333</subfield>
      </datafield>
      <datafield tag="035" ind1=" " ind2=" ">
         <subfield code="a">(OCoLC)890358862</subfield>
      </datafield>
      <datafield tag="040" ind1=" " ind2=" ">
         <subfield code="a">IEN/DLC</subfield>
         <subfield code="b">eng</subfield>
         <subfield code="e">rda</subfield>
         <subfield code="c">YUS</subfield>
         <subfield code="d">YDXCP</subfield>
         <subfield code="d">CUY</subfield>
         <subfield code="d">UWO</subfield>
         <subfield code="d">OCLCF</subfield>
         <subfield code="d">OCLCQ</subfield>
         <subfield code="d">NNU</subfield>
      </datafield>
      <datafield tag="042" ind1=" " ind2=" ">
         <subfield code="a">pcc</subfield>
      </datafield>
      <datafield tag="043" ind1=" " ind2=" ">
         <subfield code="a">f-ua---</subfield>
      </datafield>
      <datafield tag="050" ind1="0" ind2="0">
         <subfield code="a">DT60</subfield>
         <subfield code="b">.H57 2015</subfield>
      </datafield>
      <datafield tag="079" ind1=" " ind2=" ">
         <subfield code="a">(OCoLC)890358862</subfield>
      </datafield>
      <datafield tag="082" ind1="0" ind2="4">
         <subfield code="a">932.0107</subfield>
         <subfield code="2">23</subfield>
      </datafield>
      <datafield tag="245" ind1="0" ind2="0">
         <subfield code="a">Histories of Egyptology :</subfield>
         <subfield code="b">interdisciplinary measures /</subfield>
         <subfield code="c">edited by William Carruthers.</subfield>
      </datafield>
      <datafield tag="264" ind1=" " ind2="1">
         <subfield code="a">New York, NY :</subfield>
         <subfield code="b">Routledge,</subfield>
         <subfield code="c">2015.</subfield>
      </datafield>
      <datafield tag="300" ind1=" " ind2=" ">
         <subfield code="a">xii, 283 pages :</subfield>
         <subfield code="b">illustrations ;</subfield>
         <subfield code="c">24 cm.</subfield>
      </datafield>
      <datafield tag="336" ind1=" " ind2=" ">
         <subfield code="a">text</subfield>
         <subfield code="b">txt</subfield>
         <subfield code="2">rdacontent</subfield>
      </datafield>
      <datafield tag="337" ind1=" " ind2=" ">
         <subfield code="a">unmediated</subfield>
         <subfield code="b">n</subfield>
         <subfield code="2">rdamedia</subfield>
      </datafield>
      <datafield tag="338" ind1=" " ind2=" ">
         <subfield code="a">volume</subfield>
         <subfield code="b">nc</subfield>
         <subfield code="2">rdacarrier</subfield>
      </datafield>
      <datafield tag="490" ind1="1" ind2=" ">
         <subfield code="a">Routledge studies in Egyptology ;</subfield>
         <subfield code="v">2</subfield>
      </datafield>
      <datafield tag="500" ind1=" " ind2=" ">
         <subfield code="a">"The chapters ..., alongside some commissioned pieces, represent revised versions of papers given at a conference held in London during June 2010[,] Disciplinary Measures: Histories of Egyptology in Multi-Disciplinary Context"--Introduction.</subfield>
      </datafield>
      <datafield tag="504" ind1=" " ind2=" ">
         <subfield code="a">Includes bibliographical references and index.</subfield>
      </datafield>
      <datafield tag="505" ind1="0" ind2="0">
         <subfield code="t">Introduction : thinking about histories of Egyptology /</subfield>
         <subfield code="r">William Carruthers --</subfield>
         <subfield code="t">The object of study : Egyptology, archaeology, and anthropology at Oxford, 1860-1960 /</subfield>
         <subfield code="r">Alice Stevenson --</subfield>
         <subfield code="t">The Anglo-Saxon branch of the Berlin School : the interwar correspondence of Adolf Erman and Alan Gardiner and the loss of the German concession at Amarna /</subfield>
         <subfield code="r">Thomas Gertzen --</subfield>
         <subfield code="t">The cursed discipline? : the peculiarities of Egyptology at the turn of the twenty-first century /</subfield>
         <subfield code="r">Juan Carlos Moreno García --</subfield>
         <subfield code="t">Interdisciplinary measures : beyond disciplinary histories of Egyptology /</subfield>
         <subfield code="r">David Gange --</subfield>
         <subfield code="t">Beyond travelers' accounts and reproductions : unpublished nineteenth-century works as histories of Egyptology /</subfield>
         <subfield code="r">Andrew Bednarski --</subfield>
         <subfield code="t">Studies in esoteric syntax : the enigmatic friendship of Aleister Crowley and Battiscombe Gunn /</subfield>
         <subfield code="r">Steve Vinson and Janet Gunn --</subfield>
         <subfield code="t">Margaret Alice Murray and archaeological training in the classroom : preparing 'Petrie's pups' /</subfield>
         <subfield code="r">Kathleen L. Sheppard --</subfield>
         <subfield code="t">Discussing knowledge in the making /</subfield>
         <subfield code="r">Christina Riggs --</subfield>
         <subfield code="t">On archaeological labor in modern Egypt /</subfield>
         <subfield code="r">Wendy Doyon --</subfield>
         <subfield code="t">Remembering and forgetting Tutankhamun : imperial and national rhythms of archaeology, 1922-1972 /</subfield>
         <subfield code="r">Donald M. Reid --</subfield>
         <subfield code="t">The state of the archive : manipulating memory in modern Egypt and the writing of Egyptological histories /</subfield>
         <subfield code="r">Hussein Omar --</subfield>
         <subfield code="t">Histories of Egyptology in Egypt : some thoughts /</subfield>
         <subfield code="r">Marwa Elshakry --</subfield>
         <subfield code="t">Thomas 'Mummy' Pettigrew and the study of Egypt in early nineteenth-century Britain /</subfield>
         <subfield code="r">Gabriel Moshenska --</subfield>
         <subfield code="t">Repeating death : the high priest character in mummy horror films /</subfield>
         <subfield code="r">Jasmine Day --</subfield>
         <subfield code="t">What's in a face? : mummy portrait panels and identity in museum display /</subfield>
         <subfield code="r">Debbie Challis --</subfield>
         <subfield code="t">Legacies of engagement : the multiple manifestations of ancient Egypt in public discourse /</subfield>
         <subfield code="r">Stephanie Moser --</subfield>
         <subfield code="t">The old and new Egyptian museums : between imperialists, nationalists, and tourists /</subfield>
         <subfield code="r">Mohamed Elshahed.</subfield>
      </datafield>
      <datafield tag="650" ind1=" " ind2="0">
         <subfield code="a">Egyptology</subfield>
         <subfield code="x">History.</subfield>
      </datafield>
      <datafield tag="651" ind1=" " ind2="0">
         <subfield code="a">Egypt</subfield>
         <subfield code="x">Civilization</subfield>
         <subfield code="y">To 332 B.C.</subfield>
         <subfield code="x">Historiography.</subfield>
      </datafield>
      <datafield tag="651" ind1=" " ind2="0">
         <subfield code="a">Egypt</subfield>
         <subfield code="x">Antiquities</subfield>
         <subfield code="x">Historiography.</subfield>
      </datafield>
      <datafield tag="650" ind1=" " ind2="0">
         <subfield code="a">Excavations (Archaeology)</subfield>
         <subfield code="z">Egypt.</subfield>
      </datafield>
      <datafield tag="651" ind1=" " ind2="7">
         <subfield code="a">Aegyptus.</subfield>
         <subfield code="2">pleiades</subfield>
         <subfield code="0">https://pleiades.stoa.org/places/766</subfield>
         <subfield code="5">NyNyUAW</subfield>
      </datafield>
      <datafield tag="650" ind1=" " ind2="7">
         <subfield code="a">Antiquities</subfield>
         <subfield code="x">Historiography.</subfield>
         <subfield code="2">fast</subfield>
         <subfield code="0">(OCoLC)fst01351693</subfield>
      </datafield>
      <datafield tag="650" ind1=" " ind2="7">
         <subfield code="a">Civilization</subfield>
         <subfield code="x">Historiography.</subfield>
         <subfield code="2">fast</subfield>
         <subfield code="0">(OCoLC)fst00862913</subfield>
      </datafield>
      <datafield tag="650" ind1=" " ind2="7">
         <subfield code="a">Egyptology.</subfield>
         <subfield code="2">fast</subfield>
         <subfield code="0">(OCoLC)fst00904000</subfield>
      </datafield>
      <datafield tag="650" ind1=" " ind2="7">
         <subfield code="a">Excavations (Archaeology)</subfield>
         <subfield code="2">fast</subfield>
         <subfield code="0">(OCoLC)fst00917564</subfield>
      </datafield>
      <datafield tag="651" ind1=" " ind2="7">
         <subfield code="a">Egypt.</subfield>
         <subfield code="2">fast</subfield>
         <subfield code="0">(OCoLC)fst01208755</subfield>
      </datafield>
      <datafield tag="648" ind1=" " ind2="7">
         <subfield code="a">To 332 B.C.</subfield>
         <subfield code="2">fast</subfield>
      </datafield>
      <datafield tag="655" ind1=" " ind2="7">
         <subfield code="a">History.</subfield>
         <subfield code="2">fast</subfield>
         <subfield code="0">(OCoLC)fst01411628</subfield>
      </datafield>
      <datafield tag="700" ind1="1" ind2=" ">
         <subfield code="a">Carruthers, William,</subfield>
         <subfield code="d">1982-</subfield>
         <subfield code="e">editor.</subfield>
      </datafield>
      <datafield tag="830" ind1=" " ind2="0">
         <subfield code="a">Routledge studies in Egyptology ;</subfield>
         <subfield code="v">2.</subfield>
      </datafield>
      <datafield tag="OWN" ind1=" " ind2=" ">
         <subfield code="a">GENERAL</subfield>
      </datafield>
      <datafield tag="AVA" ind1=" " ind2=" ">
         <subfield code="a">NYU50</subfield>
         <subfield code="b">NISAW</subfield>
         <subfield code="c">Small Collection</subfield>
         <subfield code="d">DT60 .H57 2015 Non-circulating</subfield>
         <subfield code="e">available</subfield>
         <subfield code="t">Available</subfield>
         <subfield code="f">1</subfield>
         <subfield code="g">0</subfield>
         <subfield code="h">N</subfield>
         <subfield code="i">0</subfield>
         <subfield code="j">SMALL</subfield>
         <subfield code="k">0</subfield>
      </datafield>
      <marc:datafield tag="852" ind1=" " ind2=" ">
         <marc:subfield code="b">Institute for the Study of the Ancient World, </marc:subfield>
         <marc:subfield code="c">Small Collection</marc:subfield>
         <marc:subfield code="e">15 East 84th St., </marc:subfield>
         <marc:subfield code="e">New York, NY  10028</marc:subfield>
      </marc:datafield>
   </record>