
  
  
  
  
  
  
  
  
  
  
 
  
  <record xsi:schemaLocation="http://www.loc.gov/MARC21/slim http://www.loc.gov/standards/marcxml/schema/MARC21slim.xsd">
      <leader>00000cam a2200553 a 4500</leader>
      <controlfield tag="FMT">BK</controlfield>
      <controlfield tag="LDR">00000cam a2200553 a 4500</controlfield>
      <controlfield tag="001">003926755</controlfield>
      <controlfield tag="003">OCoLC</controlfield>
      <controlfield tag="005">20171006152326.0</controlfield>
      <controlfield tag="008">120820s2013    caucg    b    001 0 eng d</controlfield>
      <datafield tag="010" ind1=" " ind2=" ">
         <subfield code="a">2012945894</subfield>
      </datafield>
      <datafield tag="020" ind1=" " ind2=" ">
         <subfield code="a">0912201452</subfield>
      </datafield>
      <datafield tag="020" ind1=" " ind2=" ">
         <subfield code="a">9780912201450</subfield>
      </datafield>
      <datafield tag="035" ind1="7" ind2=" ">
         <subfield code="a">ybp10585727</subfield>
      </datafield>
      <datafield tag="035" ind1=" " ind2=" ">
         <subfield code="a">(OCoLC)811408505</subfield>
      </datafield>
      <datafield tag="037" ind1=" " ind2=" ">
         <subfield code="b">QBI</subfield>
      </datafield>
      <datafield tag="040" ind1=" " ind2=" ">
         <subfield code="a">QBX</subfield>
         <subfield code="b">eng</subfield>
         <subfield code="c">QBX</subfield>
         <subfield code="d">IXA</subfield>
         <subfield code="d">OCLCQ</subfield>
         <subfield code="d">EYD</subfield>
         <subfield code="d">YDXCP</subfield>
         <subfield code="d">BTCTA</subfield>
         <subfield code="d">OCLCQ</subfield>
         <subfield code="d">OCLCF</subfield>
         <subfield code="d">CGN</subfield>
         <subfield code="d">OMB</subfield>
         <subfield code="d">NNU</subfield>
      </datafield>
      <datafield tag="043" ind1=" " ind2=" ">
         <subfield code="a">a-ai---</subfield>
      </datafield>
      <datafield tag="050" ind1=" " ind2="4">
         <subfield code="a">PK8547.S27</subfield>
         <subfield code="b">Z63 2013</subfield>
      </datafield>
      <datafield tag="079" ind1=" " ind2=" ">
         <subfield code="a">(OCoLC)811408505</subfield>
      </datafield>
      <datafield tag="082" ind1="0" ind2="4">
         <subfield code="a">891/.9921</subfield>
         <subfield code="2">23</subfield>
      </datafield>
      <datafield tag="245" ind1="0" ind2="0">
         <subfield code="a">David of Sassoun :</subfield>
         <subfield code="b">critical studies on the Armenian epic /</subfield>
         <subfield code="c">Dickran Kouymjian, Barlow Der Mugrdechian, editors.</subfield>
      </datafield>
      <datafield tag="260" ind1=" " ind2=" ">
         <subfield code="a">Fresno, Calif. :</subfield>
         <subfield code="b">Press at California State University, Fresno,</subfield>
         <subfield code="c">2013.</subfield>
      </datafield>
      <datafield tag="300" ind1=" " ind2=" ">
         <subfield code="a">xv, 209 p. :</subfield>
         <subfield code="b">port., music ;</subfield>
         <subfield code="c">24 cm.</subfield>
      </datafield>
      <datafield tag="336" ind1=" " ind2=" ">
         <subfield code="a">text</subfield>
         <subfield code="b">txt</subfield>
         <subfield code="2">rdacontent</subfield>
      </datafield>
      <datafield tag="337" ind1=" " ind2=" ">
         <subfield code="a">unmediated</subfield>
         <subfield code="b">n</subfield>
         <subfield code="2">rdamedia</subfield>
      </datafield>
      <datafield tag="338" ind1=" " ind2=" ">
         <subfield code="a">volume</subfield>
         <subfield code="b">nc</subfield>
         <subfield code="2">rdacarrier</subfield>
      </datafield>
      <datafield tag="490" ind1="1" ind2=" ">
         <subfield code="a">Armenian series ;</subfield>
         <subfield code="v">no. 4</subfield>
      </datafield>
      <datafield tag="500" ind1=" " ind2=" ">
         <subfield code="a">ISAW copy is from the library of Nina Garsoïan.</subfield>
         <subfield code="5">NyNyUAW</subfield>
      </datafield>
      <datafield tag="504" ind1=" " ind2=" ">
         <subfield code="a">Includes bibliographical references (p. {183}-194) and index.</subfield>
      </datafield>
      <datafield tag="505" ind1="0" ind2="0">
         <subfield code="t">The history and enigma of the Armenian epic /</subfield>
         <subfield code="r">Dickran Kouymjian --</subfield>
         <subfield code="t">Sasounts'i Davit: synopsis of the official version of the Armenian epic /</subfield>
         <subfield code="r">Dickran Kouymjian --</subfield>
         <subfield code="t">Sasna tsrer: the newly discovered Sanam Stenian California variant : Introduction /</subfield>
         <subfield code="r">Dickran Kouymjian ;</subfield>
         <subfield code="t">note by the translator /</subfield>
         <subfield code="r">Charles Dowsett ;</subfield>
         <subfield code="t">Translation of the Armenian text /</subfield>
         <subfield code="r">Flora Chaderjian-Istanboulian ;</subfield>
         <subfield code="t">English translation /</subfield>
         <subfield code="r">Flora Chaderjian-Istanboulian &amp; Charles Dowsett --</subfield>
         <subfield code="t">A twelfth century Arabic version of the Armenian folk epic Sasna tsrer /</subfield>
         <subfield code="r">Aram Ter-Ghevondian --</subfield>
         <subfield code="t">Myth on the way to romance: the Sassoun cycle /</subfield>
         <subfield code="r">Earl R. Anderson --</subfield>
         <subfield code="t">The historical and geographic setting of the Armenian epic /</subfield>
         <subfield code="r">Chaké Der Melkonian-Minassian --</subfield>
         <subfield code="t">Recherches sur la composition et la construction de l'Épopée arménienne /</subfield>
         <subfield code="r">Frédéric Feydit --</subfield>
         <subfield code="t">Versification in the Armenian epic /</subfield>
         <subfield code="r">Charles Dowsett --</subfield>
         <subfield code="t">The oath and the curse as a source of action in David of Sassoun /</subfield>
         <subfield code="r">Arpiné Khatchadourian --</subfield>
         <subfield code="t">The "David cycle" of the Armenian epic: a comparison of versions /</subfield>
         <subfield code="r">Aram Tolegian --</subfield>
         <subfield code="t">L'image de la femme dans l'Épopée populaire arménienne David de Sassoun /</subfield>
         <subfield code="r">Chaké Der Melkonian-Minassian --</subfield>
         <subfield code="t">A century of David: the effect of the epic on modern Armenian literature /</subfield>
         <subfield code="r">Vahé Oshagan --</subfield>
         <subfield code="t">The house of giants or David of Sassoun /</subfield>
         <subfield code="r">Ashough Hovnani --</subfield>
         <subfield code="t">The house of giants or David of Sassoun (English translation) /</subfield>
         <subfield code="r">Arra Avakian --</subfield>
         <subfield code="t">A critical bibliography for the study of David of Sassoun /</subfield>
         <subfield code="r">Dickran Kouymjian &amp; Barlow Der Mugrdechian.</subfield>
      </datafield>
      <datafield tag="630" ind1="0" ind2="0">
         <subfield code="a">Sasuntsʻi Dawitʻ.</subfield>
      </datafield>
      <datafield tag="630" ind1="0" ind2="0">
         <subfield code="a">Sasuntsʻi Dawitʻ</subfield>
         <subfield code="x">Congresses.</subfield>
      </datafield>
      <datafield tag="650" ind1=" " ind2="0">
         <subfield code="a">Epic poetry, Armenian</subfield>
         <subfield code="x">History and criticism</subfield>
         <subfield code="x">Congresses.</subfield>
      </datafield>
      <datafield tag="650" ind1=" " ind2="0">
         <subfield code="a">Folk literature, Armenian</subfield>
         <subfield code="x">Congresses.</subfield>
      </datafield>
      <datafield tag="651" ind1=" " ind2="7">
         <subfield code="a">Armenia.</subfield>
         <subfield code="2">pleiades</subfield>
         <subfield code="0">https://pleiades.stoa.org/places/874350</subfield>
         <subfield code="5">NyNyUAW</subfield>
      </datafield>
      <datafield tag="630" ind1="0" ind2="7">
         <subfield code="a">Sasuntsʻi Dawitʻ</subfield>
         <subfield code="2">fast</subfield>
         <subfield code="0">(OCoLC)fst01357071</subfield>
      </datafield>
      <datafield tag="650" ind1=" " ind2="7">
         <subfield code="a">Epic poetry, Armenian.</subfield>
         <subfield code="2">fast</subfield>
         <subfield code="0">(OCoLC)fst00913819</subfield>
      </datafield>
      <datafield tag="650" ind1=" " ind2="7">
         <subfield code="a">Folk literature, Armenian.</subfield>
         <subfield code="2">fast</subfield>
         <subfield code="0">(OCoLC)fst00928926</subfield>
      </datafield>
      <datafield tag="655" ind1=" " ind2="7">
         <subfield code="a">Conference proceedings.</subfield>
         <subfield code="2">fast</subfield>
         <subfield code="0">(OCoLC)fst01423772</subfield>
      </datafield>
      <datafield tag="655" ind1=" " ind2="7">
         <subfield code="a">Criticism, interpretation, etc.</subfield>
         <subfield code="2">fast</subfield>
         <subfield code="0">(OCoLC)fst01411635</subfield>
      </datafield>
      <datafield tag="700" ind1="1" ind2=" ">
         <subfield code="a">Garsoïan, Nina G.,</subfield>
         <subfield code="d">1923-</subfield>
         <subfield code="e">former owner.</subfield>
         <subfield code="5">NyNyUAW</subfield>
      </datafield>
      <datafield tag="740" ind1="0" ind2=" ">
         <subfield code="a">Garsoïan Collection.</subfield>
         <subfield code="5">NyNyUAW</subfield>
      </datafield>
      <datafield tag="700" ind1="1" ind2=" ">
         <subfield code="a">Kouymjian, Dickran.</subfield>
      </datafield>
      <datafield tag="700" ind1="1" ind2=" ">
         <subfield code="a">Der Mugrdechian, Barlow.</subfield>
      </datafield>
      <datafield tag="830" ind1=" " ind2="0">
         <subfield code="a">Armenian series ;</subfield>
         <subfield code="v">no. 4.</subfield>
      </datafield>
      <datafield tag="OWN" ind1=" " ind2=" ">
         <subfield code="a">GENERAL</subfield>
      </datafield>
      <datafield tag="AVA" ind1=" " ind2=" ">
         <subfield code="a">NYU50</subfield>
         <subfield code="b">BOBST</subfield>
         <subfield code="c">Main Collection</subfield>
         <subfield code="d">PK8547.S27 Z63 2013</subfield>
         <subfield code="e">available</subfield>
         <subfield code="t">Available</subfield>
         <subfield code="f">1</subfield>
         <subfield code="g">0</subfield>
         <subfield code="h">N</subfield>
         <subfield code="i">0</subfield>
         <subfield code="j">MAIN</subfield>
         <subfield code="k">0</subfield>
      </datafield>
      <datafield tag="AVA" ind1=" " ind2=" ">
         <subfield code="a">NYU50</subfield>
         <subfield code="b">NISAW</subfield>
         <subfield code="c">Small Collection</subfield>
         <subfield code="d">PK8547.S27 Z63 2013 Non-circulating</subfield>
         <subfield code="e">available</subfield>
         <subfield code="t">Available</subfield>
         <subfield code="f">1</subfield>
         <subfield code="g">0</subfield>
         <subfield code="h">N</subfield>
         <subfield code="i">0</subfield>
         <subfield code="j">SMALL</subfield>
         <subfield code="k">0</subfield>
      </datafield>
      <marc:datafield tag="852" ind1=" " ind2=" ">
         <marc:subfield code="b">Institute for the Study of the Ancient World, </marc:subfield>
         <marc:subfield code="c">Small Collection</marc:subfield>
         <marc:subfield code="e">15 East 84th St., </marc:subfield>
         <marc:subfield code="e">New York, NY  10028</marc:subfield>
      </marc:datafield>
   </record>