
  
  
  
  
  
  
  
  
  
  
 
  
  <record xsi:schemaLocation="http://www.loc.gov/MARC21/slim http://www.loc.gov/standards/marcxml/schema/MARC21slim.xsd">
      <leader>00000cam a2200529Ka 4500</leader>
      <controlfield tag="FMT">BK</controlfield>
      <controlfield tag="LDR">00000cam a2200529Ka 4500</controlfield>
      <controlfield tag="001">005837798</controlfield>
      <controlfield tag="003">OCoLC</controlfield>
      <controlfield tag="005">20171005165118.0</controlfield>
      <controlfield tag="008">171005m19269999aj b     c    001 0 rusod</controlfield>
      <datafield tag="035" ind1=" " ind2=" ">
         <subfield code="a">(OCoLC)8049333</subfield>
      </datafield>
      <datafield tag="040" ind1=" " ind2=" ">
         <subfield code="a">CRL</subfield>
         <subfield code="b">eng</subfield>
         <subfield code="c">CRL</subfield>
         <subfield code="d">CRL</subfield>
         <subfield code="d">CUY</subfield>
         <subfield code="d">LOA</subfield>
         <subfield code="d">OCLCQ</subfield>
         <subfield code="d">OCLCO</subfield>
         <subfield code="d">OCLCF</subfield>
         <subfield code="d">OCLCQ</subfield>
         <subfield code="d">ZYU</subfield>
      </datafield>
      <datafield tag="043" ind1=" " ind2=" ">
         <subfield code="a">a-aj---</subfield>
         <subfield code="a">a-ir---</subfield>
         <subfield code="a">e-urk--</subfield>
      </datafield>
      <datafield tag="050" ind1=" " ind2="4">
         <subfield code="a">CJ3028.A9</subfield>
         <subfield code="b">P28 1926</subfield>
      </datafield>
      <datafield tag="079" ind1=" " ind2=" ">
         <subfield code="a">(OCoLC)8049333</subfield>
      </datafield>
      <datafield tag="100" ind1="1" ind2=" ">
         <subfield code="a">Pakhomov, E. A.</subfield>
         <subfield code="q">(Evgeniĭ Aleksandrovich),</subfield>
         <subfield code="d">1880-1965.</subfield>
      </datafield>
      <datafield tag="245" ind1="1" ind2="0">
         <subfield code="6">880-01</subfield>
         <subfield code="a">Monetnye klady Azerbaĭdzhana i drugikh respublik, kraev i oblasteĭ Kavkaza /</subfield>
         <subfield code="c">E.A. Pakhomov.</subfield>
      </datafield>
      <datafield tag="246" ind1="3" ind2=" ">
         <subfield code="6">880-02</subfield>
         <subfield code="a">Monetnye klady Azerbaĭdzhana i Zakavkazʹi͡a</subfield>
      </datafield>
      <datafield tag="246" ind1="3" ind2=" ">
         <subfield code="6">880-03</subfield>
         <subfield code="a">Klady Azerbaĭdzhana i drugikh respublik i kraev Kavkaza</subfield>
      </datafield>
      <datafield tag="246" ind1="3" ind2=" ">
         <subfield code="a">Azărbaĭjan vă Gafgazyn bashga respublikalary ȯlkălări vă vilaĭătlărinin dăfinălări</subfield>
      </datafield>
      <datafield tag="260" ind1=" " ind2=" ">
         <subfield code="6">880-04</subfield>
         <subfield code="a">Baku :</subfield>
         <subfield code="b">Izd-vo AN Azerbaĭdzhanskoĭ SSR,</subfield>
         <subfield code="c">1926-</subfield>
      </datafield>
      <datafield tag="300" ind1=" " ind2=" ">
         <subfield code="a">volumes :</subfield>
         <subfield code="b">1 folded map</subfield>
      </datafield>
      <datafield tag="336" ind1=" " ind2=" ">
         <subfield code="a">text</subfield>
         <subfield code="b">txt</subfield>
         <subfield code="2">rdacontent</subfield>
      </datafield>
      <datafield tag="337" ind1=" " ind2=" ">
         <subfield code="a">unmediated</subfield>
         <subfield code="b">n</subfield>
         <subfield code="2">rdamedia</subfield>
      </datafield>
      <datafield tag="338" ind1=" " ind2=" ">
         <subfield code="a">volume</subfield>
         <subfield code="b">nc</subfield>
         <subfield code="2">rdacarrier</subfield>
      </datafield>
      <datafield tag="500" ind1=" " ind2=" ">
         <subfield code="6">880-05</subfield>
         <subfield code="a">Vyp. 1 issued as v. 3 of Trudy / Obshchestvo issledovanii͡a i izuchenii͡a Azerbaĭdzhana. -- Cf. Sovetskai͡a arkheologicheskai͡a literatura, 1918-1940, no. 5486.</subfield>
      </datafield>
      <datafield tag="500" ind1=" " ind2=" ">
         <subfield code="6">880-06</subfield>
         <subfield code="a">Vyp. 2 issued as v. 2/41 of Trudy Instituta istorii, i͡azyka i literatury / Akademii͡a nauk SSSR. Azerbaĭdzhanskiĭ filial.</subfield>
      </datafield>
      <datafield tag="500" ind1=" " ind2=" ">
         <subfield code="a">Title on added t.p. in Azerbaĭjani : Azărbaĭjan vă Gafgazyn bashga respublikalary ȯlkălări vă vilaĭătlărinin dăfinălări.</subfield>
      </datafield>
      <datafield tag="500" ind1=" " ind2=" ">
         <subfield code="6">880-07</subfield>
         <subfield code="a">Title vyp. 1: Monetnye klady Azerbaĭdzhana i Zakavkazʹi͡a; vyp.. 2: Klady Azerbaĭdzhana i drugikh respublik i kraev Kavkaza.</subfield>
      </datafield>
      <datafield tag="500" ind1=" " ind2=" ">
         <subfield code="a">Publisher varies.</subfield>
      </datafield>
      <datafield tag="500" ind1=" " ind2=" ">
         <subfield code="a">Includes indexes.</subfield>
      </datafield>
      <datafield tag="500" ind1=" " ind2=" ">
         <subfield code="a">ISAW copy (vyp. 6) is from the library of Nina L. Garsoïan.</subfield>
         <subfield code="5">NyNyUAW</subfield>
      </datafield>
      <datafield tag="650" ind1=" " ind2="0">
         <subfield code="a">Coins</subfield>
         <subfield code="z">Azerbaijan.</subfield>
      </datafield>
      <datafield tag="650" ind1=" " ind2="0">
         <subfield code="a">Coins</subfield>
         <subfield code="z">Iran</subfield>
         <subfield code="z">Azerbaijan.</subfield>
      </datafield>
      <datafield tag="650" ind1=" " ind2="0">
         <subfield code="a">Coins</subfield>
         <subfield code="z">Caucasus, South.</subfield>
      </datafield>
      <datafield tag="651" ind1=" " ind2="0">
         <subfield code="a">Azerbaijan</subfield>
         <subfield code="x">Antiquities.</subfield>
      </datafield>
      <datafield tag="651" ind1=" " ind2="0">
         <subfield code="a">Azerbaijan (Iran)</subfield>
         <subfield code="x">Antiquities.</subfield>
      </datafield>
      <datafield tag="651" ind1=" " ind2="0">
         <subfield code="a">Caucasus, South</subfield>
         <subfield code="x">Antiquities.</subfield>
      </datafield>
      <datafield tag="700" ind1="1" ind2=" ">
         <subfield code="a">Pakhomov, E. A.</subfield>
         <subfield code="q">(Evgeniĭ Aleksandrovich),</subfield>
         <subfield code="d">1880-1965.</subfield>
         <subfield code="t">Monetnye klady Azerbaĭdzhana i Zakavkazʹi͡a.</subfield>
      </datafield>
      <datafield tag="700" ind1="1" ind2=" ">
         <subfield code="a">Pakhomov, E. A.</subfield>
         <subfield code="q">(Evgeniĭ Aleksandrovich),</subfield>
         <subfield code="d">1880-1965.</subfield>
         <subfield code="t">Klady Azerbaĭdzhana i drugikh respublik i kraev Kavkaza.</subfield>
      </datafield>
      <datafield tag="700" ind1="1" ind2=" ">
         <subfield code="a">Garsoïan, Nina G.,</subfield>
         <subfield code="d">1923-</subfield>
         <subfield code="e">former owner.</subfield>
         <subfield code="5">NyNyUAW</subfield>
      </datafield>
      <datafield tag="740" ind1="0" ind2=" ">
         <subfield code="a">Garsoïan Collection.</subfield>
         <subfield code="5">NyNyUAW</subfield>
      </datafield>
      <datafield tag="776" ind1="0" ind2="8">
         <subfield code="i">Online version:</subfield>
         <subfield code="a">Pakhomov, E.A. (Evgeniĭ Aleksandrovich), 1880-1965.</subfield>
         <subfield code="t">Monetnye klady Azerbaĭdzhana i drugikh respublik, kraev i oblasteĭ Kavkaza.</subfield>
         <subfield code="d">Baku : Izd-vo AN Azerbaĭdzhanskoĭ SSR, 1926-</subfield>
         <subfield code="w">(OCoLC)613264346</subfield>
      </datafield>
      <datafield tag="880" ind1="1" ind2="0">
         <subfield code="6">245-01/</subfield>
         <subfield code="a">Монетные клады Азербайджана и других республик, краев и областей Кавказа /</subfield>
         <subfield code="c">Е.А. Пахомов.</subfield>
      </datafield>
      <datafield tag="880" ind1="3" ind2=" ">
         <subfield code="6">246-02/</subfield>
         <subfield code="a">Монетные клады Азербайджана и Закавказья</subfield>
      </datafield>
      <datafield tag="880" ind1="3" ind2=" ">
         <subfield code="6">246-03/</subfield>
         <subfield code="a">Клады Азербайджана и других республик и краев Кавказа</subfield>
      </datafield>
      <datafield tag="880" ind1=" " ind2=" ">
         <subfield code="6">260-04/</subfield>
         <subfield code="a">Баку :</subfield>
         <subfield code="b">Изд-во АН Азербайджанской ССР,</subfield>
         <subfield code="c">1926-</subfield>
      </datafield>
      <datafield tag="880" ind1=" " ind2=" ">
         <subfield code="6">500-05/</subfield>
         <subfield code="a">Вып. 1 issued as v. 3 of Труды / Общество исследования и изучения Азербайджана. -- Cf. Советская археологическая литература, 1918-1940, no. 5486.</subfield>
      </datafield>
      <datafield tag="880" ind1=" " ind2=" ">
         <subfield code="6">500-06/</subfield>
         <subfield code="a">Вып. 2 issued as v. 2/41 of Труды Института истории, языка и литературы / Академия наук СССР. Азербайджанский филиал.</subfield>
      </datafield>
      <datafield tag="880" ind1=" " ind2=" ">
         <subfield code="6">500-07/</subfield>
         <subfield code="a">Title вып. 1: Монетные клады Азербайджана и Закавказья; вып.. 2: Клады Азербайджана и других республик и краев Кавказа.</subfield>
      </datafield>
      <datafield tag="994" ind1=" " ind2=" ">
         <subfield code="a">Z0</subfield>
         <subfield code="b">ZYU</subfield>
      </datafield>
      <datafield tag="OWN" ind1=" " ind2=" ">
         <subfield code="a">GENERAL</subfield>
      </datafield>
      <datafield tag="AVA" ind1=" " ind2=" ">
         <subfield code="a">NYU50</subfield>
         <subfield code="b">NISAW</subfield>
         <subfield code="c">Small Collection</subfield>
         <subfield code="d">CJ3028.A9 P28 Non-circulating</subfield>
         <subfield code="e">available</subfield>
         <subfield code="t">Available</subfield>
         <subfield code="f">1</subfield>
         <subfield code="g">0</subfield>
         <subfield code="h">Y</subfield>
         <subfield code="i">0</subfield>
         <subfield code="j">SMALL</subfield>
         <subfield code="k">0</subfield>
      </datafield>
      <marc:datafield tag="852" ind1=" " ind2=" ">
         <marc:subfield code="b">Institute for the Study of the Ancient World, </marc:subfield>
         <marc:subfield code="c">Small Collection</marc:subfield>
         <marc:subfield code="e">15 East 84th St., </marc:subfield>
         <marc:subfield code="e">New York, NY  10028</marc:subfield>
      </marc:datafield>
   </record>