
  
  
  
  
  
  
  
  
  
  
  
 
  
  <record xsi:schemaLocation="http://www.loc.gov/MARC21/slim http://www.loc.gov/standards/marcxml/schema/MARC21slim.xsd">
      <leader>00000cam a2200649 i 4500</leader>
      <controlfield tag="FMT">BK</controlfield>
      <controlfield tag="LDR">00000cam a2200649 i 4500</controlfield>
      <controlfield tag="001">005837790</controlfield>
      <controlfield tag="003">OCoLC</controlfield>
      <controlfield tag="005">20171127141557.0</controlfield>
      <controlfield tag="008">171005t20172017mau      b    001 0 eng c</controlfield>
      <datafield tag="010" ind1=" " ind2=" ">
         <subfield code="a">2016957657</subfield>
      </datafield>
      <datafield tag="020" ind1=" " ind2=" ">
         <subfield code="a">9780674997110</subfield>
         <subfield code="q">hardback</subfield>
      </datafield>
      <datafield tag="020" ind1=" " ind2=" ">
         <subfield code="a">0674997115</subfield>
         <subfield code="q">hardback</subfield>
      </datafield>
      <datafield tag="035" ind1=" " ind2=" ">
         <subfield code="a">(OCoLC)959648860</subfield>
         <subfield code="z">(OCoLC)959805969</subfield>
      </datafield>
      <datafield tag="040" ind1=" " ind2=" ">
         <subfield code="a">YDX</subfield>
         <subfield code="b">eng</subfield>
         <subfield code="e">rda</subfield>
         <subfield code="c">YDX</subfield>
         <subfield code="d">OCLCQ</subfield>
         <subfield code="d">BDX</subfield>
         <subfield code="d">BTCTA</subfield>
         <subfield code="d">STU</subfield>
         <subfield code="d">UIU</subfield>
         <subfield code="d">IAL</subfield>
         <subfield code="d">BNG</subfield>
         <subfield code="d">ZLM</subfield>
         <subfield code="d">HTM</subfield>
         <subfield code="d">OCLCA</subfield>
         <subfield code="d">UBY</subfield>
         <subfield code="d">OCLCF</subfield>
         <subfield code="d">OBE</subfield>
         <subfield code="d">EZ9</subfield>
         <subfield code="d">UKUOY</subfield>
         <subfield code="d">OCL</subfield>
      </datafield>
      <datafield tag="041" ind1="1" ind2=" ">
         <subfield code="a">eng</subfield>
         <subfield code="a">lat</subfield>
         <subfield code="h">lat</subfield>
      </datafield>
      <datafield tag="042" ind1=" " ind2=" ">
         <subfield code="a">pcc</subfield>
      </datafield>
      <datafield tag="050" ind1=" " ind2="4">
         <subfield code="a">PA6207.A3</subfield>
         <subfield code="b">J66 2017</subfield>
      </datafield>
      <datafield tag="079" ind1=" " ind2=" ">
         <subfield code="a">(OCoLC)959648860</subfield>
      </datafield>
      <datafield tag="082" ind1="0" ind2="4">
         <subfield code="a">875.01</subfield>
         <subfield code="2">23</subfield>
      </datafield>
      <datafield tag="100" ind1="0" ind2=" ">
         <subfield code="a">Apuleius,</subfield>
         <subfield code="e">author.</subfield>
      </datafield>
      <datafield tag="245" ind1="1" ind2="0">
         <subfield code="a">Apologia ;</subfield>
         <subfield code="b">Florida ; De deo Socratis /</subfield>
         <subfield code="c">Apuleius ; edited and translated by Christopher P. Jones.</subfield>
      </datafield>
      <datafield tag="246" ind1="3" ind2=" ">
         <subfield code="a">Florida</subfield>
      </datafield>
      <datafield tag="246" ind1="3" ind2=" ">
         <subfield code="a">De deo Socratis</subfield>
      </datafield>
      <datafield tag="264" ind1=" " ind2="1">
         <subfield code="a">Cambridge, Massachusetts ;</subfield>
         <subfield code="a">London, England :</subfield>
         <subfield code="b">Harvard University Press,</subfield>
         <subfield code="c">2017.</subfield>
      </datafield>
      <datafield tag="264" ind1=" " ind2="4">
         <subfield code="c">©2017</subfield>
      </datafield>
      <datafield tag="300" ind1=" " ind2=" ">
         <subfield code="a">xxxii, 414 pages ;</subfield>
         <subfield code="c">17 cm.</subfield>
      </datafield>
      <datafield tag="336" ind1=" " ind2=" ">
         <subfield code="a">text</subfield>
         <subfield code="b">txt</subfield>
         <subfield code="2">rdacontent</subfield>
      </datafield>
      <datafield tag="337" ind1=" " ind2=" ">
         <subfield code="a">unmediated</subfield>
         <subfield code="b">n</subfield>
         <subfield code="2">rdamedia</subfield>
      </datafield>
      <datafield tag="338" ind1=" " ind2=" ">
         <subfield code="a">volume</subfield>
         <subfield code="b">nc</subfield>
         <subfield code="2">rdacarrier</subfield>
      </datafield>
      <datafield tag="490" ind1="1" ind2=" ">
         <subfield code="a">Loeb classical library ;</subfield>
         <subfield code="v">534</subfield>
      </datafield>
      <datafield tag="504" ind1=" " ind2=" ">
         <subfield code="a">Includes bibliographical references and index.</subfield>
      </datafield>
      <datafield tag="546" ind1=" " ind2=" ">
         <subfield code="a">Parallel texts in Latin and English.</subfield>
      </datafield>
      <datafield tag="520" ind1=" " ind2=" ">
         <subfield code="a">"Apuleius, one of the great stylists of Latin literature, was born ca. 125 AD in Madauros to a politically prominent family and received an elite education in the provincial capital Carthage and at Athens, where he began a lifelong allegiance to Platonic philosophy. In the later 150s, he married Pudentilla of Oea, a wealthy widow, and seems to have enjoyed a distinguished public career in Africa and perhaps as an advocate in Rome. Although Apuleius is best known for his picaresque novel Metamorphoses or The Golden Ass (LCL 44, 453), he also wrote and declaimed on a wide variety of subjects. This edition contains the other surviving works of Apuleius that are considered genuine. Apologia is a speech in which Apuleius defends himself against in-laws who had accused him of having used sinister means, including magic, to induce Pudentilla to marry him. The Florida is a collection of twenty-three excerpts from speeches by Apuleius. De Deo Socratis (On Socrates' God) locates Socrates' invisible guide and protector (daimonion) within the more general concept of daimones as forces intermediary between gods and humans. This edition, new to the Loeb Classical Library, offers fresh translations and texts based on the best critical editions." -- Publisher's description</subfield>
      </datafield>
      <datafield tag="650" ind1=" " ind2="0">
         <subfield code="a">Magic</subfield>
         <subfield code="v">Early works to 1800.</subfield>
      </datafield>
      <datafield tag="700" ind1="1" ind2=" ">
         <subfield code="a">Jones, C. P.</subfield>
         <subfield code="q">(Christopher Prestige),</subfield>
         <subfield code="d">1940-</subfield>
         <subfield code="e">editor,</subfield>
         <subfield code="e">translator.</subfield>
      </datafield>
      <datafield tag="700" ind1="0" ind2="2">
         <subfield code="i">Container of (expression) :</subfield>
         <subfield code="a">Apuleius.</subfield>
         <subfield code="t">Apologia.</subfield>
         <subfield code="l">English</subfield>
         <subfield code="s">(Jones)</subfield>
      </datafield>
      <datafield tag="700" ind1="0" ind2="2">
         <subfield code="i">Container of (expression) :</subfield>
         <subfield code="a">Apuleius.</subfield>
         <subfield code="t">Apologia.</subfield>
         <subfield code="l">Latin</subfield>
         <subfield code="s">(Jones)</subfield>
      </datafield>
      <datafield tag="700" ind1="0" ind2="2">
         <subfield code="i">Container of (expression) :</subfield>
         <subfield code="a">Apuleius.</subfield>
         <subfield code="t">Florida.</subfield>
         <subfield code="l">English</subfield>
         <subfield code="s">(Jones)</subfield>
      </datafield>
      <datafield tag="700" ind1="0" ind2="2">
         <subfield code="i">Container of (expression) :</subfield>
         <subfield code="a">Apuleius.</subfield>
         <subfield code="t">Florida.</subfield>
         <subfield code="l">Latin</subfield>
         <subfield code="s">(Jones)</subfield>
      </datafield>
      <datafield tag="700" ind1="0" ind2="2">
         <subfield code="i">Container of (expression) :</subfield>
         <subfield code="a">Apuleius.</subfield>
         <subfield code="t">De deo Socratis.</subfield>
         <subfield code="l">English</subfield>
         <subfield code="s">(Jones)</subfield>
      </datafield>
      <datafield tag="700" ind1="0" ind2="2">
         <subfield code="i">Container of (expression) :</subfield>
         <subfield code="a">Apuleius.</subfield>
         <subfield code="t">De deo Socratis.</subfield>
         <subfield code="l">Latin</subfield>
         <subfield code="s">(Jones)</subfield>
      </datafield>
      <datafield tag="773" ind1="0" ind2=" ">
         <subfield code="t">The Loeb classical library /</subfield>
         <subfield code="w">(UkYoU)001012181YOR01</subfield>
         <subfield code="w">9943453870001381</subfield>
         <subfield code="g">no:534</subfield>
      </datafield>
      <datafield tag="830" ind1=" " ind2="0">
         <subfield code="a">Loeb classical library ;</subfield>
         <subfield code="v">534.</subfield>
      </datafield>
      <datafield tag="994" ind1=" " ind2=" ">
         <subfield code="a">Z0</subfield>
         <subfield code="b">ZYU</subfield>
      </datafield>
      <datafield tag="OWN" ind1=" " ind2=" ">
         <subfield code="a">GENERAL</subfield>
      </datafield>
      <datafield tag="AVA" ind1=" " ind2=" ">
         <subfield code="a">NYU50</subfield>
         <subfield code="b">BOBST</subfield>
         <subfield code="c">1st Floor Reference - Study</subfield>
         <subfield code="d">PA3611 .A1 v.317A Non-circulating</subfield>
         <subfield code="e">available</subfield>
         <subfield code="t">Available</subfield>
         <subfield code="f">1</subfield>
         <subfield code="g">0</subfield>
         <subfield code="h">N</subfield>
         <subfield code="i">0</subfield>
         <subfield code="j">REF1S</subfield>
         <subfield code="k">0</subfield>
      </datafield>
      <datafield tag="AVA" ind1=" " ind2=" ">
         <subfield code="a">NYU50</subfield>
         <subfield code="b">NISAW</subfield>
         <subfield code="c">Reference 3 Collection</subfield>
         <subfield code="d">Loeb Latin Apuleius APO 2017 Non-circulating</subfield>
         <subfield code="e">available</subfield>
         <subfield code="t">Available</subfield>
         <subfield code="f">1</subfield>
         <subfield code="g">0</subfield>
         <subfield code="h">N</subfield>
         <subfield code="i">0</subfield>
         <subfield code="j">REF3</subfield>
         <subfield code="k">4</subfield>
      </datafield>
      <marc:datafield tag="852" ind1=" " ind2=" ">
         <marc:subfield code="b">Institute for the Study of the Ancient World, </marc:subfield>
         <marc:subfield code="c">Reference 3 Collection</marc:subfield>
         <marc:subfield code="e">15 East 84th St., </marc:subfield>
         <marc:subfield code="e">New York, NY  10028</marc:subfield>
      </marc:datafield>
   </record>