
  
  
  
  
  
  
  
  
  
  
  
  
 
  
  <record xsi:schemaLocation="http://www.loc.gov/MARC21/slim http://www.loc.gov/standards/marcxml/schema/MARC21slim.xsd">
      <leader>00000cam a22      i 4500</leader>
      <controlfield tag="FMT">BK</controlfield>
      <controlfield tag="LDR">00000cam a22      i 4500</controlfield>
      <controlfield tag="001">005838318</controlfield>
      <controlfield tag="005">20171016093712.0</controlfield>
      <controlfield tag="008">171009s2017    maua     b    001 e eng c</controlfield>
      <datafield tag="010" ind1=" " ind2=" ">
         <subfield code="a">2017020299</subfield>
      </datafield>
      <datafield tag="020" ind1=" " ind2=" ">
         <subfield code="a">9781501513305</subfield>
         <subfield code="q">hardcover</subfield>
      </datafield>
      <datafield tag="020" ind1=" " ind2=" ">
         <subfield code="a">1501513303</subfield>
         <subfield code="q">hardcover</subfield>
      </datafield>
      <datafield tag="020" ind1=" " ind2=" ">
         <subfield code="z">9781501504778</subfield>
         <subfield code="q">(PDF)</subfield>
      </datafield>
      <datafield tag="020" ind1=" " ind2=" ">
         <subfield code="z">9781501504754</subfield>
         <subfield code="q">(EPUB)</subfield>
      </datafield>
      <datafield tag="035" ind1=" " ind2=" ">
         <subfield code="a">(OCoLC)969545712</subfield>
      </datafield>
      <datafield tag="040" ind1=" " ind2=" ">
         <subfield code="a">DGU/DLC</subfield>
         <subfield code="b">eng</subfield>
         <subfield code="e">rda</subfield>
         <subfield code="c">DGU</subfield>
         <subfield code="d">DLC</subfield>
         <subfield code="d">YDX</subfield>
         <subfield code="d">OCLCO</subfield>
         <subfield code="d">OCLCF</subfield>
         <subfield code="d">OHX</subfield>
         <subfield code="d">YDX</subfield>
         <subfield code="d">OCLCO</subfield>
         <subfield code="d">SOI</subfield>
         <subfield code="d">PAU</subfield>
      </datafield>
      <datafield tag="042" ind1=" " ind2=" ">
         <subfield code="a">pcc</subfield>
      </datafield>
      <datafield tag="043" ind1=" " ind2=" ">
         <subfield code="a">a-iq---</subfield>
      </datafield>
      <datafield tag="050" ind1="0" ind2="0">
         <subfield code="a">DS71</subfield>
         <subfield code="b">.S86 2017</subfield>
      </datafield>
      <datafield tag="079" ind1=" " ind2=" ">
         <subfield code="a">(OCoLC)969545712</subfield>
      </datafield>
      <datafield tag="082" ind1="0" ind2="0">
         <subfield code="a">935/.01</subfield>
         <subfield code="2">23</subfield>
      </datafield>
      <datafield tag="100" ind1="1" ind2=" ">
         <subfield code="a">Steinkeller, Piotr,</subfield>
         <subfield code="e">author.</subfield>
      </datafield>
      <datafield tag="245" ind1="1" ind2="0">
         <subfield code="a">History, texts and art in early Babylonia :</subfield>
         <subfield code="b">three essays /</subfield>
         <subfield code="c">Piotr Steinkeller.</subfield>
      </datafield>
      <datafield tag="264" ind1=" " ind2="1">
         <subfield code="a">Boston ;</subfield>
         <subfield code="a">Berlin :</subfield>
         <subfield code="b">Walter de Gruyter Inc.,</subfield>
         <subfield code="c">[2017]</subfield>
      </datafield>
      <datafield tag="300" ind1=" " ind2=" ">
         <subfield code="a">viii, 261 pages :</subfield>
         <subfield code="b">illustrations ;</subfield>
         <subfield code="c">24 cm.</subfield>
      </datafield>
      <datafield tag="336" ind1=" " ind2=" ">
         <subfield code="a">text</subfield>
         <subfield code="b">txt</subfield>
         <subfield code="2">rdacontent</subfield>
      </datafield>
      <datafield tag="337" ind1=" " ind2=" ">
         <subfield code="a">unmediated</subfield>
         <subfield code="b">n</subfield>
         <subfield code="2">rdamedia</subfield>
      </datafield>
      <datafield tag="338" ind1=" " ind2=" ">
         <subfield code="a">volume</subfield>
         <subfield code="b">nc</subfield>
         <subfield code="2">rdacarrier</subfield>
      </datafield>
      <datafield tag="490" ind1="1" ind2=" ">
         <subfield code="a">Studies in ancient Near Eastern records,</subfield>
         <subfield code="x">2161-4415 ;</subfield>
         <subfield code="v">volume 15</subfield>
      </datafield>
      <datafield tag="504" ind1=" " ind2=" ">
         <subfield code="a">Includes bibliographical references and index.</subfield>
      </datafield>
      <datafield tag="520" ind1=" " ind2=" ">
         <subfield code="a">The book studies the history of early Babylonian kingship, as it evolved from prehistoric times down to the end of the third millennium BCE, and its reflections in the contemporaneous and later historical sources, literary texts and art. Among the chief issues it considers are the intersection between history writing and the scholarly tradition in early Babylonia, and the modern approaches toward the study of ancient "historical" sources.</subfield>
      </datafield>
      <datafield tag="505" ind1="0" ind2=" ">
         <subfield code="a">Writing, kingship and political discourse in early Babylonia : reflections on the nature and function of third mellennium historical sources -- The divine rules of Akkade and Ur : towards a definition of the deification of kings in Babylonia -- Mythical realities of the early Babylonian history (or the modern historian and the native uses of history past).</subfield>
      </datafield>
      <datafield tag="651" ind1=" " ind2="0">
         <subfield code="a">Babylonia</subfield>
         <subfield code="x">History.</subfield>
      </datafield>
      <datafield tag="651" ind1=" " ind2="0">
         <subfield code="a">Iraq</subfield>
         <subfield code="x">History</subfield>
         <subfield code="y">To 634</subfield>
         <subfield code="x">Kings and rulers.</subfield>
      </datafield>
      <datafield tag="650" ind1=" " ind2="0">
         <subfield code="a">Art, Assyro-Babylonian.</subfield>
      </datafield>
      <datafield tag="650" ind1=" " ind2="0">
         <subfield code="a">Civilization, Assyro-Babylonian.</subfield>
      </datafield>
      <datafield tag="651" ind1=" " ind2="7">
         <subfield code="a">Babylonia.</subfield>
         <subfield code="2">pleiades</subfield>
         <subfield code="0">https://pleiades.stoa.org/places/912816</subfield>
         <subfield code="5">NyNyUAW</subfield>
      </datafield>
      <datafield tag="650" ind1=" " ind2="7">
         <subfield code="a">Art, Assyro-Babylonian.</subfield>
         <subfield code="2">fast</subfield>
         <subfield code="0">(OCoLC)fst00815966</subfield>
      </datafield>
      <datafield tag="650" ind1=" " ind2="7">
         <subfield code="a">Civilization, Assyro-Babylonian.</subfield>
         <subfield code="2">fast</subfield>
         <subfield code="0">(OCoLC)fst00862983</subfield>
      </datafield>
      <datafield tag="650" ind1=" " ind2="7">
         <subfield code="a">Kings and rulers.</subfield>
         <subfield code="2">fast</subfield>
         <subfield code="0">(OCoLC)fst00987694</subfield>
      </datafield>
      <datafield tag="651" ind1=" " ind2="7">
         <subfield code="a">Iraq.</subfield>
         <subfield code="2">fast</subfield>
         <subfield code="0">(OCoLC)fst01205757</subfield>
      </datafield>
      <datafield tag="651" ind1=" " ind2="7">
         <subfield code="a">Middle East</subfield>
         <subfield code="z">Babylonia.</subfield>
         <subfield code="2">fast</subfield>
         <subfield code="0">(OCoLC)fst01219361</subfield>
      </datafield>
      <datafield tag="648" ind1=" " ind2="7">
         <subfield code="a">To 634.</subfield>
         <subfield code="2">fast</subfield>
      </datafield>
      <datafield tag="655" ind1=" " ind2="7">
         <subfield code="a">History.</subfield>
         <subfield code="2">fast</subfield>
         <subfield code="0">(OCoLC)fst01411628</subfield>
      </datafield>
      <datafield tag="830" ind1=" " ind2="0">
         <subfield code="a">Studies in ancient Near Eastern records ;</subfield>
         <subfield code="v">v. 15.</subfield>
      </datafield>
      <datafield tag="OWN" ind1=" " ind2=" ">
         <subfield code="a">GENERAL</subfield>
      </datafield>
      <datafield tag="AVA" ind1=" " ind2=" ">
         <subfield code="a">NYU50</subfield>
         <subfield code="b">NISAW</subfield>
         <subfield code="c">Small Collection</subfield>
         <subfield code="d">DS71 .S86 2017 Non-circulating</subfield>
         <subfield code="e">available</subfield>
         <subfield code="t">Available</subfield>
         <subfield code="f">1</subfield>
         <subfield code="g">0</subfield>
         <subfield code="h">N</subfield>
         <subfield code="i">0</subfield>
         <subfield code="j">SMALL</subfield>
         <subfield code="k">0</subfield>
      </datafield>
      <marc:datafield tag="852" ind1=" " ind2=" ">
         <marc:subfield code="b">Institute for the Study of the Ancient World, </marc:subfield>
         <marc:subfield code="c">Small Collection</marc:subfield>
         <marc:subfield code="e">15 East 84th St., </marc:subfield>
         <marc:subfield code="e">New York, NY  10028</marc:subfield>
      </marc:datafield>
   </record>