
  
  
  
  
  
  
  
  
  
  
  
 
  
  <record xsi:schemaLocation="http://www.loc.gov/MARC21/slim http://www.loc.gov/standards/marcxml/schema/MARC21slim.xsd">
      <leader>00000cam a2200769Ia 4500</leader>
      <controlfield tag="FMT">BK</controlfield>
      <controlfield tag="LDR">00000cam a2200769Ia 4500</controlfield>
      <controlfield tag="001">001807207</controlfield>
      <controlfield tag="003">OCoLC</controlfield>
      <controlfield tag="005">20171018155818.0</controlfield>
      <controlfield tag="008">740819s1964    gw ch    b    010 0 ger</controlfield>
      <datafield tag="010" ind1=" " ind2=" ">
         <subfield code="a">67073236</subfield>
      </datafield>
      <datafield tag="035" ind1=" " ind2=" ">
         <subfield code="a">(OCoLC)982035</subfield>
         <subfield code="z">(OCoLC)977733678</subfield>
      </datafield>
      <datafield tag="040" ind1=" " ind2=" ">
         <subfield code="a">DLC</subfield>
         <subfield code="b">eng</subfield>
         <subfield code="c">BOS</subfield>
         <subfield code="d">HCH</subfield>
         <subfield code="d">OCLCQ</subfield>
         <subfield code="d">NLGGC</subfield>
         <subfield code="d">OCLCG</subfield>
         <subfield code="d">CLU</subfield>
         <subfield code="d">DEBBG</subfield>
         <subfield code="d">EUM</subfield>
         <subfield code="d">OL$-</subfield>
         <subfield code="d">GBVCP</subfield>
         <subfield code="d">EMT</subfield>
         <subfield code="d">OCLCO</subfield>
         <subfield code="d">OCLCQ</subfield>
         <subfield code="d">OCLCF</subfield>
         <subfield code="d">OCLCO</subfield>
         <subfield code="d">CNUTO</subfield>
         <subfield code="d">ZYU</subfield>
      </datafield>
      <datafield tag="043" ind1=" " ind2=" ">
         <subfield code="a">f-ua---</subfield>
      </datafield>
      <datafield tag="050" ind1=" " ind2="4">
         <subfield code="a">DT57.5</subfield>
         <subfield code="b">.B7</subfield>
      </datafield>
      <datafield tag="079" ind1=" " ind2=" ">
         <subfield code="a">(OCoLC)982035</subfield>
      </datafield>
      <datafield tag="082" ind1=" " ind2="4">
         <subfield code="a">489.17408</subfield>
      </datafield>
      <datafield tag="084" ind1=" " ind2=" ">
         <subfield code="a">06.13</subfield>
         <subfield code="2">bcl</subfield>
      </datafield>
      <datafield tag="084" ind1=" " ind2=" ">
         <subfield code="a">05.00</subfield>
         <subfield code="2">bcl</subfield>
      </datafield>
      <datafield tag="084" ind1=" " ind2=" ">
         <subfield code="a">15.10</subfield>
         <subfield code="2">bcl</subfield>
      </datafield>
      <datafield tag="084" ind1=" " ind2=" ">
         <subfield code="a">NH 5100</subfield>
         <subfield code="2">rvk</subfield>
      </datafield>
      <datafield tag="084" ind1=" " ind2=" ">
         <subfield code="a">NK 8200</subfield>
         <subfield code="2">rvk</subfield>
      </datafield>
      <datafield tag="084" ind1=" " ind2=" ">
         <subfield code="a">PC 4630</subfield>
         <subfield code="2">rvk</subfield>
      </datafield>
      <datafield tag="084" ind1=" " ind2=" ">
         <subfield code="a">6,12</subfield>
         <subfield code="2">ssgn</subfield>
      </datafield>
      <datafield tag="245" ind1="0" ind2="0">
         <subfield code="a">Studien zur Papyrologie und antiken Wirtschaftsgeschichte :</subfield>
         <subfield code="b">Friedrich Oertel zum achtzigsten Geburtstag gewidmet.</subfield>
      </datafield>
      <datafield tag="246" ind1="3" ind2=" ">
         <subfield code="a">Festschrift Oertel</subfield>
      </datafield>
      <datafield tag="260" ind1=" " ind2=" ">
         <subfield code="a">Bonn :</subfield>
         <subfield code="b">R. Habelt,</subfield>
         <subfield code="c">1964.</subfield>
      </datafield>
      <datafield tag="300" ind1=" " ind2=" ">
         <subfield code="a">xvi, 209 pages :</subfield>
         <subfield code="b">facsimiles portrait ;</subfield>
         <subfield code="c">23 cm</subfield>
      </datafield>
      <datafield tag="336" ind1=" " ind2=" ">
         <subfield code="a">text</subfield>
         <subfield code="b">txt</subfield>
         <subfield code="2">rdacontent</subfield>
      </datafield>
      <datafield tag="337" ind1=" " ind2=" ">
         <subfield code="a">unmediated</subfield>
         <subfield code="b">n</subfield>
         <subfield code="2">rdamedia</subfield>
      </datafield>
      <datafield tag="338" ind1=" " ind2=" ">
         <subfield code="a">volume</subfield>
         <subfield code="b">nc</subfield>
         <subfield code="2">rdacarrier</subfield>
      </datafield>
      <datafield tag="500" ind1=" " ind2=" ">
         <subfield code="a">Cover title: Festschrift Oertel.</subfield>
      </datafield>
      <datafield tag="504" ind1=" " ind2=" ">
         <subfield code="a">Includes bibliographical references.</subfield>
      </datafield>
      <datafield tag="530" ind1=" " ind2=" ">
         <subfield code="a">Also issued online.</subfield>
      </datafield>
      <datafield tag="505" ind1="0" ind2="0">
         <subfield code="t">Verzeichnis der Schriften von Friedrich Oertel /</subfield>
         <subfield code="r">zusammengestellt von H. Braunert und E. Olshausen.</subfield>
         <subfield code="g">I.</subfield>
         <subfield code="t">Papyri.</subfield>
         <subfield code="t">On the collection of revenues in grain in Ptolemaic Egypt /</subfield>
         <subfield code="r">by C.B. Welles --</subfield>
         <subfield code="t">Nugae papyrologicae:</subfield>
         <subfield code="g">1.</subfield>
         <subfield code="t">P. Jandana Inv. no. 209 /</subfield>
         <subfield code="r">ed. by D.F.S. Thomson.</subfield>
         <subfield code="g">2.</subfield>
         <subfield code="t">Zu P. Oxy XXV 2435 /</subfield>
         <subfield code="r">von Fritz M. Heichelheim --</subfield>
         <subfield code="t">A reconsideration of P. Oxy. I 40 /</subfield>
         <subfield code="r">by Herbert C. Youtie --</subfield>
         <subfield code="t">Fragment einer Naubion-Liste /</subfield>
         <subfield code="r">von Hans Georg Gundel --</subfield>
         <subfield code="t">My Lord Apis: a further instance /</subfield>
         <subfield code="r">by Eric G. Turner --</subfield>
         <subfield code="t">Ein neuer Wohnungsmietvertrag aus der Bonner Papyrussammlung /</subfield>
         <subfield code="r">von Horst Braunert.</subfield>
         <subfield code="g">II.</subfield>
         <subfield code="t">Studien zur Papyrologie.</subfield>
         <subfield code="t">Über die Zweisprachigkeit im ptolemäischen Ägypten /</subfield>
         <subfield code="r">von Willy Peremans --</subfield>
         <subfield code="t">Coniecturae papyrologicae /</subfield>
         <subfield code="r">par Edmond Van't Dack --</subfield>
         <subfield code="t">Römisches Provinzialrecht in Ägypten /</subfield>
         <subfield code="r">von Henryk Kupiszewski --</subfield>
         <subfield code="t">Le recrutement de la main d'œuvre dans les domaines privés de l'Egypte romaine /</subfield>
         <subfield code="r">par Alfred Tomsin --</subfield>
         <subfield code="t">Beobachtungen zu den permanenten Klerosnamen /</subfield>
         <subfield code="r">von Friedrich Zucker --</subfield>
         <subfield code="t">The interrelation of Coptic and Greek papyri; P. Bu and P. BM Inv. nos. 2017 and 2018 /</subfield>
         <subfield code="r">by A. Arthur Schiller --</subfield>
         <subfield code="t">Der Beamtenstab der arabischen Finanzverwaltung in Ägypten in früharabischer Zeit /</subfield>
         <subfield code="r">von Adolf Grohmann.</subfield>
         <subfield code="g">III.</subfield>
         <subfield code="t">Studien zur antiken Wirtschaftsgeschichte.</subfield>
         <subfield code="t">Wirtschaft und Staat im Altertum : zu neueren Forschungen aus der CSSR /</subfield>
         <subfield code="r">von Vojtech Polác̆ek --</subfield>
         <subfield code="t">Die staatliche Lenkung des Geitreidehandeis in Athen (zu Lysias, Or. 22) /</subfield>
         <subfield code="r">von Hans Peter Kohns --</subfield>
         <subfield code="t">Eine römische Staatsrechnung aus dem Jahr 293 v. Chr.? /</subfield>
         <subfield code="r">von Matthias Gelzer --</subfield>
         <subfield code="t">Pescenius Niger und die "Luftsteuer" /</subfield>
         <subfield code="r">von Johannes Straub --</subfield>
         <subfield code="t">Das Fragment des diokletianischen Preisedikts aus Pharai in Messenien (IG v 1, 1359 B) /</subfield>
         <subfield code="r">von Siegfried Lauffer.</subfield>
      </datafield>
      <datafield tag="650" ind1=" " ind2="0">
         <subfield code="a">Manuscripts (Papyri)</subfield>
      </datafield>
      <datafield tag="650" ind1=" " ind2="0">
         <subfield code="a">Economic history</subfield>
         <subfield code="y">To 500.</subfield>
      </datafield>
      <datafield tag="600" ind1="1" ind2="0">
         <subfield code="a">Oertel, Friedrich,</subfield>
         <subfield code="d">1884-1975</subfield>
         <subfield code="v">Bibliography.</subfield>
      </datafield>
      <datafield tag="651" ind1=" " ind2="7">
         <subfield code="a">Aegyptus.</subfield>
         <subfield code="2">pleiades</subfield>
         <subfield code="0">https://pleiades.stoa.org/places/766</subfield>
      </datafield>
      <datafield tag="600" ind1="1" ind2="4">
         <subfield code="a">Oertel, Friedrich,</subfield>
         <subfield code="d">1884-1975</subfield>
         <subfield code="v">Bibliography.</subfield>
      </datafield>
      <datafield tag="600" ind1="1" ind2="7">
         <subfield code="a">Oertel, Friedrich (Historiker)</subfield>
         <subfield code="2">swd</subfield>
      </datafield>
      <datafield tag="650" ind1=" " ind2="7">
         <subfield code="a">Papyrologie.</subfield>
         <subfield code="2">gnd</subfield>
      </datafield>
      <datafield tag="650" ind1=" " ind2="7">
         <subfield code="a">Wirtschaft.</subfield>
         <subfield code="2">gnd</subfield>
      </datafield>
      <datafield tag="600" ind1="1" ind2="7">
         <subfield code="a">Oertel, Friedrich</subfield>
         <subfield code="d">1884-1975.</subfield>
         <subfield code="2">gnd</subfield>
      </datafield>
      <datafield tag="600" ind1="1" ind2="7">
         <subfield code="a">Oertel, Friedrich,</subfield>
         <subfield code="d">1884-1975.</subfield>
         <subfield code="2">fast</subfield>
         <subfield code="0">(OCoLC)fst01959674</subfield>
      </datafield>
      <datafield tag="650" ind1=" " ind2="7">
         <subfield code="a">Economic history.</subfield>
         <subfield code="2">fast</subfield>
         <subfield code="0">(OCoLC)fst00901974</subfield>
      </datafield>
      <datafield tag="650" ind1=" " ind2="7">
         <subfield code="a">Manuscripts (Papyri)</subfield>
         <subfield code="2">fast</subfield>
         <subfield code="0">(OCoLC)fst01008260</subfield>
      </datafield>
      <datafield tag="648" ind1=" " ind2="7">
         <subfield code="a">Geschichte 800 v. Chr.-500.</subfield>
         <subfield code="2">swd</subfield>
      </datafield>
      <datafield tag="648" ind1=" " ind2="7">
         <subfield code="a">To 500.</subfield>
         <subfield code="2">fast</subfield>
      </datafield>
      <datafield tag="653" ind1=" " ind2="0">
         <subfield code="a">Economic history</subfield>
         <subfield code="a">To 500.</subfield>
      </datafield>
      <datafield tag="653" ind1=" " ind2="0">
         <subfield code="a">Geschichte</subfield>
         <subfield code="a">800 v. Chr.-500.</subfield>
      </datafield>
      <datafield tag="653" ind1=" " ind2="0">
         <subfield code="a">Manuscripts (Papyri)</subfield>
      </datafield>
      <datafield tag="653" ind1=" " ind2="0">
         <subfield code="a">Oertel, Friedrich</subfield>
         <subfield code="a">Bibliography.</subfield>
      </datafield>
      <datafield tag="655" ind1=" " ind2="7">
         <subfield code="a">Aufsatzsammlung.</subfield>
         <subfield code="2">swd</subfield>
      </datafield>
      <datafield tag="655" ind1=" " ind2="7">
         <subfield code="a">Bibliographie.</subfield>
         <subfield code="2">swd</subfield>
      </datafield>
      <datafield tag="655" ind1=" " ind2="4">
         <subfield code="a">Aufsatzsammlung.</subfield>
      </datafield>
      <datafield tag="655" ind1=" " ind2="4">
         <subfield code="a">Bibliographie.</subfield>
      </datafield>
      <datafield tag="655" ind1=" " ind2="7">
         <subfield code="a">Bibliography.</subfield>
         <subfield code="2">fast</subfield>
         <subfield code="0">(OCoLC)fst01423717</subfield>
      </datafield>
      <datafield tag="700" ind1="1" ind2=" ">
         <subfield code="a">Bagnall, Roger S.,</subfield>
         <subfield code="e">donor.</subfield>
         <subfield code="5">NyNyUAW</subfield>
      </datafield>
      <datafield tag="700" ind1="1" ind2=" ">
         <subfield code="a">Braunert, Horst,</subfield>
         <subfield code="e">editor.</subfield>
      </datafield>
      <datafield tag="700" ind1="1" ind2=" ">
         <subfield code="a">Oertel, Friedrich,</subfield>
         <subfield code="d">1884-1975.</subfield>
      </datafield>
      <datafield tag="776" ind1="0" ind2="8">
         <subfield code="i">Online version:</subfield>
         <subfield code="a">Braunert, Horst.</subfield>
         <subfield code="t">Studien zur Papyrologie und antiken Wirtschaftsgeschichte.</subfield>
         <subfield code="d">Bonn, R. Habelt, 1964</subfield>
         <subfield code="w">(OCoLC)576853073</subfield>
      </datafield>
      <datafield tag="856" ind1=" " ind2=" ">
         <subfield code="u">http://bvbr.bib-bvb.de:8991/F?func=service&amp;doc_library=BVB01&amp;local_base=BVB01&amp;doc_number=003081706&amp;line_number=0001&amp;func_code=DB_RECORDS&amp;service_type=MEDIA</subfield>
         <subfield code="z">Inhaltsverzeichnis</subfield>
      </datafield>
      <datafield tag="OWN" ind1=" " ind2=" ">
         <subfield code="a">GENERAL</subfield>
      </datafield>
      <datafield tag="950" ind1=" " ind2=" ">
         <subfield code="l">BMAIN</subfield>
         <subfield code="a">PA3342</subfield>
         <subfield code="b">.S8</subfield>
      </datafield>
      <datafield tag="955" ind1=" " ind2=" ">
         <subfield code="l">BMAIN</subfield>
         <subfield code="c">1</subfield>
      </datafield>
      <datafield tag="AVA" ind1=" " ind2=" ">
         <subfield code="a">NYU50</subfield>
         <subfield code="b">BOBST</subfield>
         <subfield code="c">Main Collection</subfield>
         <subfield code="d">PA3342 .S8 1964</subfield>
         <subfield code="e">unavailable</subfield>
         <subfield code="t">Unavailable</subfield>
         <subfield code="f">1</subfield>
         <subfield code="g">1</subfield>
         <subfield code="h">N</subfield>
         <subfield code="i">1</subfield>
         <subfield code="j">MAIN</subfield>
         <subfield code="k">0</subfield>
      </datafield>
      <datafield tag="AVA" ind1=" " ind2=" ">
         <subfield code="a">NYU50</subfield>
         <subfield code="b">NISAW</subfield>
         <subfield code="c">Small Collection</subfield>
         <subfield code="d">PA3342 .S8 1964 Non-circulating</subfield>
         <subfield code="e">available</subfield>
         <subfield code="t">Available</subfield>
         <subfield code="f">1</subfield>
         <subfield code="g">0</subfield>
         <subfield code="h">N</subfield>
         <subfield code="i">0</subfield>
         <subfield code="j">SMALL</subfield>
         <subfield code="k">0</subfield>
      </datafield>
      <marc:datafield tag="852" ind1=" " ind2=" ">
         <marc:subfield code="b">Institute for the Study of the Ancient World, </marc:subfield>
         <marc:subfield code="c">Small Collection</marc:subfield>
         <marc:subfield code="e">15 East 84th St., </marc:subfield>
         <marc:subfield code="e">New York, NY  10028</marc:subfield>
      </marc:datafield>
   </record>