
  
  
  
  
  
  
  
  
  
  
  
  
  
 
  
  <record xsi:schemaLocation="http://www.loc.gov/MARC21/slim http://www.loc.gov/standards/marcxml/schema/MARC21slim.xsd">
      <leader>00000nam a2200505Ii 4500</leader>
      <controlfield tag="FMT">BK</controlfield>
      <controlfield tag="LDR">00000nam a2200505Ii 4500</controlfield>
      <controlfield tag="001">005838539</controlfield>
      <controlfield tag="003">OCoLC</controlfield>
      <controlfield tag="005">20171010104244.0</controlfield>
      <controlfield tag="008">171010m19999999ru abe   b    000 0 rus d</controlfield>
      <datafield tag="035" ind1=" " ind2=" ">
         <subfield code="a">(OCoLC)1005706474</subfield>
      </datafield>
      <datafield tag="040" ind1=" " ind2=" ">
         <subfield code="a">ZYU</subfield>
         <subfield code="b">eng</subfield>
         <subfield code="e">rda</subfield>
         <subfield code="c">ZYU</subfield>
      </datafield>
      <datafield tag="041" ind1="0" ind2=" ">
         <subfield code="a">rus</subfield>
         <subfield code="b">eng</subfield>
      </datafield>
      <datafield tag="043" ind1=" " ind2=" ">
         <subfield code="a">a-ta---</subfield>
      </datafield>
      <datafield tag="050" ind1=" " ind2="4">
         <subfield code="a">DK929.5.P46</subfield>
         <subfield code="b">M38 1999</subfield>
      </datafield>
      <datafield tag="066" ind1=" " ind2=" ">
         <subfield code="c">(N</subfield>
      </datafield>
      <datafield tag="079" ind1=" " ind2=" ">
         <subfield code="a">(OCoLC)1005706474</subfield>
      </datafield>
      <datafield tag="245" ind1="0" ind2="0">
         <subfield code="6">880-01</subfield>
         <subfield code="a">Materialy Pendzhikentskoĭ arkheologicheskoĭ ėkspedit͡sii.</subfield>
      </datafield>
      <datafield tag="264" ind1=" " ind2="1">
         <subfield code="6">880-02</subfield>
         <subfield code="a">Sankt-Peterburg :</subfield>
         <subfield code="b">Gosudarstvennyĭ Ėrmitazh,</subfield>
         <subfield code="c">1999-&lt;2016&gt;</subfield>
      </datafield>
      <datafield tag="300" ind1=" " ind2=" ">
         <subfield code="a">volumes 1-&lt;19&gt; :</subfield>
         <subfield code="b">black-and-white illustrations, maps, plans ;</subfield>
         <subfield code="c">29 cm</subfield>
      </datafield>
      <datafield tag="336" ind1=" " ind2=" ">
         <subfield code="a">text</subfield>
         <subfield code="b">txt</subfield>
         <subfield code="2">rdacontent</subfield>
      </datafield>
      <datafield tag="336" ind1=" " ind2=" ">
         <subfield code="a">still image</subfield>
         <subfield code="b">sti</subfield>
         <subfield code="2">rdacontent</subfield>
      </datafield>
      <datafield tag="337" ind1=" " ind2=" ">
         <subfield code="a">unmediated</subfield>
         <subfield code="b">n</subfield>
         <subfield code="2">rdamedia</subfield>
      </datafield>
      <datafield tag="338" ind1=" " ind2=" ">
         <subfield code="a">volume</subfield>
         <subfield code="b">nc</subfield>
         <subfield code="2">rdacarrier</subfield>
      </datafield>
      <datafield tag="500" ind1=" " ind2=" ">
         <subfield code="6">880-03</subfield>
         <subfield code="a">At head of title (vyp. 7): Gosudarstvennyĭ Ėrmitazh; Institut Istorii, Arkheologii i Ėtnografii im. A. Donisha; Akademii Nauk Respubliki Tadzhikistan; Institut Istorii Material'noĭ Kul'tury RAN.</subfield>
      </datafield>
      <datafield tag="500" ind1=" " ind2=" ">
         <subfield code="6">880-04</subfield>
         <subfield code="a">At head of title (vyp. 14): Gosudarstvennyĭ Ėrmitazh; Institut Istorii, Arkheologii i Ėtnografii im. A. Donisha; Akademii Nauk Respubliki Tadzhikistan; Fond Posla Ssha V Tadzhikistane po Sokhranenii͡u Kul'turnogo Nasledii͡a.</subfield>
      </datafield>
      <datafield tag="500" ind1=" " ind2=" ">
         <subfield code="6">880-05</subfield>
         <subfield code="a">At head of title (vyp. 15-): Gosudarstvennyĭ Ėrmitazh; Institut Istorii, Arkheologii i Ėtnografii im. A. Donisha; Akademii Nauk Respubliki Tadzhikistan.</subfield>
      </datafield>
      <datafield tag="505" ind1="1" ind2="0">
         <subfield code="6">880-06</subfield>
         <subfield code="g">vyp. 2.</subfield>
         <subfield code="t">Otchet o raskopkakh gorodishcha drevnego Pendzhikenta v 1999 godu /</subfield>
         <subfield code="r">B. I. Marshak, V. I. Raspopova --</subfield>
         <subfield code="g">vyp. 4.</subfield>
         <subfield code="t">Otchet o raskopkakh gorodishcha drevnego Pendzhikenta v 2001 godu /</subfield>
         <subfield code="r">B. I. Marshak, V. I. Raspopova --</subfield>
         <subfield code="g">vyp. 5.</subfield>
         <subfield code="t">Otchet o raskopkakh gorodishcha drevnego Pendzhikenta v 2002 godu /</subfield>
         <subfield code="r">B. I. Marshak, V. I. Raspopova --</subfield>
         <subfield code="g">vyp. 6.</subfield>
         <subfield code="t">Otchet o raskopkakh gorodishcha drevnego Pendzhikenta v 2003 godu /</subfield>
         <subfield code="r">B. I. Marshak, V. I. Raspopova --</subfield>
         <subfield code="g">vyp. 7.</subfield>
         <subfield code="t">Otchet o raskopkakh gorodishcha drevnego Pendzhikenta v 2004 godu /</subfield>
         <subfield code="r">B. I. Marshak, V. I. Raspopova, pri uchatii D.A. Abdulloeva [and 4 others] --</subfield>
         <subfield code="g">vyp. 8.</subfield>
         <subfield code="t">Otchet o raskopkakh gorodishcha drevnego Pendzhikenta v 2005 godu /</subfield>
         <subfield code="r">B. I. Marshak, V. I. Raspopova --</subfield>
         <subfield code="g">vyp. 9.</subfield>
         <subfield code="t">Sogdiĭskie giri iz Pendzzhikenta /</subfield>
         <subfield code="r">B. I. Marshak, V. I. Raspopova --</subfield>
         <subfield code="g">vyp. 10.</subfield>
         <subfield code="t">Otchet o raskopkakh gorodishcha drevnego Pendzhikenta v 2006 godu --</subfield>
         <subfield code="g">vyp. 11.</subfield>
         <subfield code="t">Otchet o raskopkakh gorodishcha drevnego Pendzhikenta v 2007 godu /</subfield>
         <subfield code="r">B. I. Marshak [and 4 others] --</subfield>
         <subfield code="g">vyp. 12.</subfield>
         <subfield code="t">Otchet o polevykh rabotakh ėkspedit͡sii v 2008-2009 godakh --</subfield>
         <subfield code="g">vyp. 13.</subfield>
         <subfield code="t">Otchet o polevykh rabotakh ėkspedit͡sii v 2010 godu --</subfield>
         <subfield code="g">vyp. 14.</subfield>
         <subfield code="t">Otchet o polevykh rabotakh ėkspedit͡sii v 2011 g. /</subfield>
         <subfield code="r">pod redakt͡sieĭ P. B. Lur'e --</subfield>
      </datafield>
      <datafield tag="505" ind1="8" ind2="0">
         <subfield code="6">880-07</subfield>
         <subfield code="g">vyp. 15.</subfield>
         <subfield code="t">Otchet o polevykh rabotakh ėkspedit͡sii v 2012 g. /</subfield>
         <subfield code="r">pod redakt͡sieĭ P. B. Lur'e --</subfield>
         <subfield code="g">vyp. 19.</subfield>
         <subfield code="t">Otchet o polevykh rabotakh ėkspedit͡sii v 2015 g. /</subfield>
         <subfield code="r">pod redakt͡sieĭ P. B. Lur'e --</subfield>
         <subfield code="g">vyp. 20.</subfield>
         <subfield code="t">Tezisy dokladov nauchnoĭ konferent͡sii "Aspekty Sogdiĭskoĭ kul'tury" k 70-letii͡u arkheologicheskikh rabot v Pendzhikente, g. Pendzhikent, 3-5 avgusta 2016 g.</subfield>
      </datafield>
      <datafield tag="546" ind1=" " ind2=" ">
         <subfield code="a">Russian with summaries in English.</subfield>
      </datafield>
      <datafield tag="650" ind1=" " ind2="0">
         <subfield code="a">Excavations (Archaeology)</subfield>
         <subfield code="z">Tajikistan</subfield>
         <subfield code="z">Panjakent.</subfield>
      </datafield>
      <datafield tag="650" ind1=" " ind2="0">
         <subfield code="a">Sogdians</subfield>
         <subfield code="z">Tajikistan</subfield>
         <subfield code="z">Panjakent.</subfield>
      </datafield>
      <datafield tag="651" ind1=" " ind2="0">
         <subfield code="a">Panjakent (Tajikistan)</subfield>
         <subfield code="x">Antiquities.</subfield>
      </datafield>
      <datafield tag="651" ind1=" " ind2="7">
         <subfield code="a">Panjakent.</subfield>
         <subfield code="2">pleiades</subfield>
         <subfield code="0">https://pleiades.stoa.org/places/362094923</subfield>
      </datafield>
      <datafield tag="700" ind1="1" ind2=" ">
         <subfield code="a">Marshak, B. I.</subfield>
         <subfield code="q">(Boris Ilʹich),</subfield>
         <subfield code="d">1933-2006,</subfield>
         <subfield code="e">author.</subfield>
      </datafield>
      <datafield tag="700" ind1="1" ind2=" ">
         <subfield code="a">Raspopova, Valentina Ivanovna,</subfield>
         <subfield code="e">author.</subfield>
      </datafield>
      <datafield tag="700" ind1="1" ind2=" ">
         <subfield code="a">Lur'e, P. B.,</subfield>
         <subfield code="e">editor.</subfield>
      </datafield>
      <datafield tag="710" ind1="2" ind2=" ">
         <subfield code="a">Gosudarstvennyĭ Ėrmitazh (Russia),</subfield>
         <subfield code="e">issuing body,</subfield>
         <subfield code="e">sponsor.</subfield>
      </datafield>
      <datafield tag="710" ind1="2" ind2=" ">
         <subfield code="a">Akademii͡ai ilmḣoi Jumḣurii Tojikiston,</subfield>
         <subfield code="e">sponsor.</subfield>
      </datafield>
      <datafield tag="710" ind1="2" ind2=" ">
         <subfield code="a">Instituti taʺrikh, arkheologii͡a va ėtnografii͡a (Akademii͡ai fanḣoi RSS Tojikiston),</subfield>
         <subfield code="e">sponsor.</subfield>
      </datafield>
      <datafield tag="710" ind1="2" ind2=" ">
         <subfield code="a">Institut istorii materialʹnoĭ kulʹtury (Rossiĭskai͡a akademii͡a nauk),</subfield>
         <subfield code="e">sponsor.</subfield>
      </datafield>
      <datafield tag="880" ind1="0" ind2="0">
         <subfield code="6">245-01/</subfield>
         <subfield code="a">Материалы Пенджикентской археологической экспедиции.</subfield>
      </datafield>
      <datafield tag="880" ind1=" " ind2="1">
         <subfield code="6">264-02/</subfield>
         <subfield code="a">Санкт-Петербург :</subfield>
         <subfield code="b">Государственный Эрмитаж,</subfield>
         <subfield code="c">1999-&lt;2016&gt;</subfield>
      </datafield>
      <datafield tag="880" ind1=" " ind2=" ">
         <subfield code="6">500-03/</subfield>
         <subfield code="a">At head of title (вып. 7): Государственный Эрмитаж; Институт Истории, Археологии и Этнографии им. А. Дониша; Академии Наук Республики Таджикистан; Институт Истории Материал'ной Кул'туры РАН.</subfield>
      </datafield>
      <datafield tag="880" ind1=" " ind2=" ">
         <subfield code="6">500-04/</subfield>
         <subfield code="a">At head of title (вып. 14): Государственный Эрмитаж; Институт Истории, Археологии и Этнографии им. А. Дониша; Академии Наук Республики Таджикистан; Фонд Посла Сша В Таджикистане по Сохранению Кул'турного Наследия.</subfield>
      </datafield>
      <datafield tag="880" ind1=" " ind2=" ">
         <subfield code="6">500-05/</subfield>
         <subfield code="a">At head of title (вып. 15-): Государственный Эрмитаж; Институт Истории, Археологии и Этнографии им. А. Дониша; Академии Наук Республики Таджикистан.</subfield>
      </datafield>
      <datafield tag="880" ind1="1" ind2="0">
         <subfield code="6">505-06/</subfield>
         <subfield code="g">вып. 2.</subfield>
         <subfield code="t">Отчет о раскопках городища древнего Пенджикента в 1999 году /</subfield>
         <subfield code="r">Б. И. Маршак, В. И. Распопова --</subfield>
         <subfield code="g">вып. 4.</subfield>
         <subfield code="t">Отчет о раскопках городища древнего Пенджикента в 2001 году /</subfield>
         <subfield code="r">Б. И. Маршак, В. И. Распопова --</subfield>
         <subfield code="g">вып. 5.</subfield>
         <subfield code="t">Отчет о раскопках городища древнего Пенджикента в 2002 году /</subfield>
         <subfield code="r">Б. И. Маршак, В. И. Распопова --</subfield>
         <subfield code="g">вып. 6.</subfield>
         <subfield code="t">Отчет о раскопках городища древнего Пенджикента в 2003 году /</subfield>
         <subfield code="r">Б. И. Маршак, В. И. Распопова --</subfield>
         <subfield code="g">вып. 7.</subfield>
         <subfield code="t">Отчет о раскопках городища древнего Пенджикента в 2004 году /</subfield>
         <subfield code="r">Б. И. Маршак, В. И. Распопова, при учатии Д.А. Абдуллоева [аnd 4 others] --</subfield>
         <subfield code="g">вып. 8.</subfield>
         <subfield code="t">Отчет о раскопках городища древнего Пенджикента в 2005 году /</subfield>
         <subfield code="r">Б. И. Маршак, В. И. Распопова --</subfield>
         <subfield code="g">вып. 9.</subfield>
         <subfield code="t">Согдийские гири из Пендзжикента /</subfield>
         <subfield code="r">Б. И. Маршак, В. И. Распопова --</subfield>
         <subfield code="g">вып. 10.</subfield>
         <subfield code="t">Отчет о раскопках городища древнего Пенджикента в 2006 году --</subfield>
         <subfield code="g">вып. 11.</subfield>
         <subfield code="t">Отчет о раскопках городища древнего Пенджикента в 2007 году /</subfield>
         <subfield code="r">Б. И. Маршак [аnd 4 others] --</subfield>
         <subfield code="g">вып. 12.</subfield>
         <subfield code="t">Отчет о полевых работах экспедиции в 2008-2009 годах --</subfield>
         <subfield code="g">вып. 13.</subfield>
         <subfield code="t">Отчет о полевых работах экспедиции в 2010 году --</subfield>
         <subfield code="g">вып. 14.</subfield>
         <subfield code="t">Отчет о полевых работах экспедиции в 2011 г. /</subfield>
         <subfield code="r">под редакцией П. Б. Лур'е --</subfield>
      </datafield>
      <datafield tag="880" ind1="8" ind2="0">
         <subfield code="6">505-07/</subfield>
         <subfield code="g">вып. 15.</subfield>
         <subfield code="t">Отчет о полевых работах экспедиции в 2012 г. /</subfield>
         <subfield code="r">под редакцией П. Б. Лур'е --</subfield>
         <subfield code="g">вып. 19.</subfield>
         <subfield code="t">Отчет о полевых работах экспедиции в 2015 г. /</subfield>
         <subfield code="r">под редакцией П. Б. Лур'е --</subfield>
         <subfield code="g">вып. 20.</subfield>
         <subfield code="t">Тезисы докладов научной конференции "Аспекты Согдийской кул'туры" к 70-летию археологических работ в Пенджикенте, г. Пенджикент, 3-5 августа 2016 г.</subfield>
      </datafield>
      <datafield tag="994" ind1=" " ind2=" ">
         <subfield code="a">Z0</subfield>
         <subfield code="b">ZYU</subfield>
      </datafield>
      <datafield tag="OWN" ind1=" " ind2=" ">
         <subfield code="a">GENERAL</subfield>
      </datafield>
      <datafield tag="AVA" ind1=" " ind2=" ">
         <subfield code="a">NYU50</subfield>
         <subfield code="b">NISAW</subfield>
         <subfield code="c">Large Collection</subfield>
         <subfield code="d">DK929.5.P46 M38 Non-circulating</subfield>
         <subfield code="e">available</subfield>
         <subfield code="t">Available</subfield>
         <subfield code="f">4</subfield>
         <subfield code="g">0</subfield>
         <subfield code="h">Y</subfield>
         <subfield code="i">0</subfield>
         <subfield code="j">LARGE</subfield>
         <subfield code="k">0</subfield>
      </datafield>
      <marc:datafield tag="852" ind1=" " ind2=" ">
         <marc:subfield code="b">Institute for the Study of the Ancient World, </marc:subfield>
         <marc:subfield code="c">Large Collection</marc:subfield>
         <marc:subfield code="e">15 East 84th St., </marc:subfield>
         <marc:subfield code="e">New York, NY  10028</marc:subfield>
      </marc:datafield>
   </record>