
  
  
  
  
  
  
  
  
  
  
  
  
 
  
  <record xsi:schemaLocation="http://www.loc.gov/MARC21/slim http://www.loc.gov/standards/marcxml/schema/MARC21slim.xsd">
      <leader>00000cas a2200469 a 4500</leader>
      <controlfield tag="FMT">SE</controlfield>
      <controlfield tag="LDR">00000cas a2200469 a 4500</controlfield>
      <controlfield tag="001">002868388</controlfield>
      <controlfield tag="003">NNU</controlfield>
      <controlfield tag="005">20170623142856.0</controlfield>
      <controlfield tag="008">871221d19821998is arzp      f0   a0eng</controlfield>
      <datafield tag="010" ind1=" " ind2=" ">
         <subfield code="a">84647959</subfield>
      </datafield>
      <datafield tag="022" ind1=" " ind2=" ">
         <subfield code="a">0334-1607</subfield>
      </datafield>
      <datafield tag="035" ind1=" " ind2=" ">
         <subfield code="a">(OCoLC)11437560</subfield>
      </datafield>
      <datafield tag="035" ind1=" " ind2=" ">
         <subfield code="a">(CStRLIN)NYUG87-S3391</subfield>
      </datafield>
      <datafield tag="035" ind1=" " ind2=" ">
         <subfield code="a">GLIS005841039</subfield>
      </datafield>
      <datafield tag="035" ind1=" " ind2=" ">
         <subfield code="a">(NYU)(CStRLIN)NYUG87-S3391</subfield>
      </datafield>
      <datafield tag="035" ind1="9" ind2=" ">
         <subfield code="a">NYUb10584103</subfield>
      </datafield>
      <datafield tag="040" ind1=" " ind2=" ">
         <subfield code="a">DLC</subfield>
         <subfield code="c">DLC</subfield>
         <subfield code="d">OCoLC</subfield>
         <subfield code="d">NST</subfield>
         <subfield code="d">MH</subfield>
         <subfield code="d">InU</subfield>
         <subfield code="d">MH</subfield>
         <subfield code="d">m/c</subfield>
         <subfield code="d">NSDP</subfield>
         <subfield code="d">NST</subfield>
         <subfield code="d">NNU</subfield>
      </datafield>
      <datafield tag="041" ind1="0" ind2=" ">
         <subfield code="a">engheb</subfield>
      </datafield>
      <datafield tag="042" ind1=" " ind2=" ">
         <subfield code="a">lc</subfield>
         <subfield code="a">nsdp</subfield>
      </datafield>
      <datafield tag="043" ind1=" " ind2=" ">
         <subfield code="a">a-is---</subfield>
      </datafield>
      <datafield tag="050" ind1="0" ind2="0">
         <subfield code="a">DS111.A1</subfield>
         <subfield code="b">H33</subfield>
      </datafield>
      <datafield tag="079" ind1=" " ind2=" ">
         <subfield code="a">(OCoLC)11437560</subfield>
      </datafield>
      <datafield tag="082" ind1="0" ind2=" ">
         <subfield code="a">933/.005</subfield>
         <subfield code="2">19</subfield>
      </datafield>
      <datafield tag="090" ind1=" " ind2=" ">
         <subfield code="i">05/26/88 CT</subfield>
         <subfield code="h">01/13/88 CT</subfield>
         <subfield code="h">12/21/87 CT</subfield>
      </datafield>
      <datafield tag="130" ind1="0" ind2=" ">
         <subfield code="a">Ḥadashot arkheʼologiyot.</subfield>
         <subfield code="l">English.</subfield>
      </datafield>
      <datafield tag="210" ind1="0" ind2=" ">
         <subfield code="a">Excav. surv. Isr.</subfield>
      </datafield>
      <datafield tag="222" ind1=" " ind2="0">
         <subfield code="a">Excavations and surveys in Israel</subfield>
      </datafield>
      <datafield tag="245" ind1="1" ind2="0">
         <subfield code="a">Excavations and surveys in Israel.</subfield>
      </datafield>
      <datafield tag="260" ind1=" " ind2=" ">
         <subfield code="a">Jerusalem :</subfield>
         <subfield code="b">Israel Dept. of Antiquities and Museums,</subfield>
         <subfield code="c">c1984-</subfield>
      </datafield>
      <datafield tag="300" ind1=" " ind2=" ">
         <subfield code="a">20 v. :</subfield>
         <subfield code="b">ill., maps ;</subfield>
         <subfield code="c">28 cm.</subfield>
      </datafield>
      <datafield tag="310" ind1=" " ind2=" ">
         <subfield code="a">Annual</subfield>
      </datafield>
      <datafield tag="362" ind1="0" ind2=" ">
         <subfield code="a">Vol. 1 (1982)-</subfield>
      </datafield>
      <datafield tag="362" ind1="1" ind2=" ">
         <subfield code="a">Ceased with v. 20.</subfield>
      </datafield>
      <datafield tag="500" ind1=" " ind2=" ">
         <subfield code="a">ISAW copy is from the library of David I. Owen.</subfield>
         <subfield code="5">NyNyUAW</subfield>
      </datafield>
      <datafield tag="546" ind1=" " ind2=" ">
         <subfield code="a">Vol. 18-20 also contain the original Hebrew text.</subfield>
      </datafield>
      <datafield tag="580" ind1=" " ind2=" ">
         <subfield code="a">Issued also in Hebrew under title: Ḥadashot arkheʼologiyot.</subfield>
      </datafield>
      <datafield tag="580" ind1=" " ind2=" ">
         <subfield code="a">In 1999, absorbed by: Ḥadashot arkheʼologiyot, which continues its own numbering sequence.</subfield>
      </datafield>
      <datafield tag="651" ind1=" " ind2="0">
         <subfield code="a">Israel</subfield>
         <subfield code="x">Antiquities</subfield>
         <subfield code="v">Periodicals.</subfield>
      </datafield>
      <datafield tag="650" ind1=" " ind2="0">
         <subfield code="a">Excavations (Archaeology)</subfield>
         <subfield code="z">Israel</subfield>
         <subfield code="v">Periodicals.</subfield>
      </datafield>
      <datafield tag="650" ind1=" " ind2="0">
         <subfield code="a">Archaeological surveying</subfield>
         <subfield code="z">Israel</subfield>
         <subfield code="v">Periodicals.</subfield>
      </datafield>
      <datafield tag="700" ind1="1" ind2=" ">
         <subfield code="a">Owen, David I.,</subfield>
         <subfield code="e">former owner.</subfield>
         <subfield code="5">NyNyUAW</subfield>
      </datafield>
      <datafield tag="740" ind1="0" ind2=" ">
         <subfield code="a">Owen Collection.</subfield>
         <subfield code="5">NyNyUAW</subfield>
      </datafield>
      <datafield tag="710" ind1="1" ind2=" ">
         <subfield code="a">Israel.</subfield>
         <subfield code="b">Agaf ha-ʻatiḳot ṿeha-muzeʼonim.</subfield>
      </datafield>
      <datafield tag="775" ind1="1" ind2=" ">
         <subfield code="t">Ḥadashot arkheʼologiyot</subfield>
         <subfield code="x">0047-1569</subfield>
         <subfield code="e">heb</subfield>
      </datafield>
      <datafield tag="785" ind1="1" ind2="4">
         <subfield code="t">Ḥadashot arkheʼologiyot</subfield>
         <subfield code="g">v. 109 (1999)</subfield>
         <subfield code="x">0047-1569</subfield>
         <subfield code="w">(DLC)he 68001205</subfield>
         <subfield code="w">(OCoLC)2428194</subfield>
      </datafield>
      <datafield tag="866" ind1=" " ind2=" ">
         <subfield code="l">Bobst</subfield>
         <subfield code="d">DS111.A1 H33</subfield>
         <subfield code="e">0803</subfield>
         <subfield code="j">1-20</subfield>
         <subfield code="k">1982-2000</subfield>
      </datafield>
      <datafield tag="OWN" ind1=" " ind2=" ">
         <subfield code="a">GENERAL</subfield>
      </datafield>
      <datafield tag="998" ind1=" " ind2=" ">
         <subfield code="a">05/26/88</subfield>
         <subfield code="t">c</subfield>
         <subfield code="s">9110</subfield>
         <subfield code="n">NNU</subfield>
         <subfield code="w">DCLC84647959S</subfield>
         <subfield code="d">12/21/87</subfield>
         <subfield code="c">ME</subfield>
         <subfield code="b">MJD</subfield>
         <subfield code="i">880526</subfield>
         <subfield code="h">880113</subfield>
         <subfield code="h">871221</subfield>
         <subfield code="l">NYUG</subfield>
      </datafield>
      <datafield tag="AVA" ind1=" " ind2=" ">
         <subfield code="a">NYU50</subfield>
         <subfield code="b">BOBST</subfield>
         <subfield code="c">Main Collection</subfield>
         <subfield code="d">DS111.A1 H33</subfield>
         <subfield code="e">available</subfield>
         <subfield code="t">Available</subfield>
         <subfield code="f">19</subfield>
         <subfield code="g">0</subfield>
         <subfield code="h">Y</subfield>
         <subfield code="i">0</subfield>
         <subfield code="j">MAIN</subfield>
         <subfield code="k">0</subfield>
      </datafield>
      <datafield tag="AVA" ind1=" " ind2=" ">
         <subfield code="a">NYU50</subfield>
         <subfield code="b">NISAW</subfield>
         <subfield code="c">Oak Collection</subfield>
         <subfield code="d">DS111.A1 H33 Non-circulating</subfield>
         <subfield code="e">available</subfield>
         <subfield code="t">Available</subfield>
         <subfield code="f">16</subfield>
         <subfield code="g">0</subfield>
         <subfield code="h">Y</subfield>
         <subfield code="i">0</subfield>
         <subfield code="j">OAK</subfield>
         <subfield code="k">0</subfield>
      </datafield>
      <marc:datafield tag="852" ind1=" " ind2=" ">
         <marc:subfield code="b">Institute for the Study of the Ancient World, </marc:subfield>
         <marc:subfield code="c">Oak Collection</marc:subfield>
         <marc:subfield code="e">15 East 84th St., </marc:subfield>
         <marc:subfield code="e">New York, NY  10028</marc:subfield>
      </marc:datafield>
   </record>