
  
  
  
  
  
  
  
 
  
  <record xsi:schemaLocation="http://www.loc.gov/MARC21/slim http://www.loc.gov/standards/marcxml/schema/MARC21slim.xsd">
      <leader>00000cam a2200553Ii 4500</leader>
      <controlfield tag="FMT">BK</controlfield>
      <controlfield tag="LDR">00000cam a2200553Ii 4500</controlfield>
      <controlfield tag="001">005838760</controlfield>
      <controlfield tag="003">OCoLC</controlfield>
      <controlfield tag="005">20171010162318.0</controlfield>
      <controlfield tag="008">171010t20172017gw       b    100 0 fre d</controlfield>
      <datafield tag="016" ind1="7" ind2=" ">
         <subfield code="a">1134982259</subfield>
         <subfield code="2">GyFmDB</subfield>
      </datafield>
      <datafield tag="020" ind1=" " ind2=" ">
         <subfield code="a">9783447068949</subfield>
         <subfield code="q">(hd.bd.)</subfield>
      </datafield>
      <datafield tag="020" ind1=" " ind2=" ">
         <subfield code="a">3447068949</subfield>
         <subfield code="q">(hd.bd.)</subfield>
      </datafield>
      <datafield tag="024" ind1="3" ind2=" ">
         <subfield code="a">9783447068949</subfield>
      </datafield>
      <datafield tag="035" ind1=" " ind2=" ">
         <subfield code="a">(OCoLC)991603852</subfield>
      </datafield>
      <datafield tag="040" ind1=" " ind2=" ">
         <subfield code="a">OHX</subfield>
         <subfield code="b">eng</subfield>
         <subfield code="e">rda</subfield>
         <subfield code="c">OHX</subfield>
         <subfield code="d">OCLCO</subfield>
         <subfield code="d">ISB</subfield>
         <subfield code="d">DTM</subfield>
         <subfield code="d">OCLCF</subfield>
         <subfield code="d">ZYU</subfield>
      </datafield>
      <datafield tag="041" ind1="0" ind2=" ">
         <subfield code="a">eng</subfield>
         <subfield code="a">fre</subfield>
      </datafield>
      <datafield tag="043" ind1=" " ind2=" ">
         <subfield code="a">mm-----</subfield>
         <subfield code="a">aw-----</subfield>
         <subfield code="a">ff-----</subfield>
      </datafield>
      <datafield tag="050" ind1=" " ind2="4">
         <subfield code="a">KL147</subfield>
         <subfield code="b">.W75 2017</subfield>
      </datafield>
      <datafield tag="050" ind1=" " ind2="4">
         <subfield code="a">BL65.L33</subfield>
         <subfield code="b">W75 2017</subfield>
      </datafield>
      <datafield tag="072" ind1=" " ind2="7">
         <subfield code="a">K</subfield>
         <subfield code="2">lcco</subfield>
      </datafield>
      <datafield tag="079" ind1=" " ind2=" ">
         <subfield code="a">(OCoLC)991603852</subfield>
      </datafield>
      <datafield tag="245" ind1="0" ind2="0">
         <subfield code="a">Writing laws in antiquity = L'écriture du droit dans l'antiquité /</subfield>
         <subfield code="c">edité par Dominique Jaillard et Christophe Nihan.</subfield>
      </datafield>
      <datafield tag="246" ind1="3" ind2="1">
         <subfield code="a">Écriture du droit dans l'antiquité</subfield>
      </datafield>
      <datafield tag="264" ind1=" " ind2="1">
         <subfield code="a">Wiesbaden :</subfield>
         <subfield code="b">Harrassowitz Verlag,</subfield>
         <subfield code="c">2017.</subfield>
      </datafield>
      <datafield tag="264" ind1=" " ind2="4">
         <subfield code="c">©2017</subfield>
      </datafield>
      <datafield tag="300" ind1=" " ind2=" ">
         <subfield code="a">170 pages ;</subfield>
         <subfield code="c">25 cm.</subfield>
      </datafield>
      <datafield tag="336" ind1=" " ind2=" ">
         <subfield code="a">text</subfield>
         <subfield code="b">txt</subfield>
         <subfield code="2">rdacontent</subfield>
      </datafield>
      <datafield tag="337" ind1=" " ind2=" ">
         <subfield code="a">unmediated</subfield>
         <subfield code="b">n</subfield>
         <subfield code="2">rdamedia</subfield>
      </datafield>
      <datafield tag="338" ind1=" " ind2=" ">
         <subfield code="a">volume</subfield>
         <subfield code="b">nc</subfield>
         <subfield code="2">rdacarrier</subfield>
      </datafield>
      <datafield tag="490" ind1="1" ind2=" ">
         <subfield code="a">Beihefte zur Zeitschrift für altorientalische und biblische Rechtsgeschichte,</subfield>
         <subfield code="x">1439-619X ;</subfield>
         <subfield code="v">Band 19</subfield>
      </datafield>
      <datafield tag="500" ind1=" " ind2=" ">
         <subfield code="a">Journal supplement.</subfield>
      </datafield>
      <datafield tag="500" ind1=" " ind2=" ">
         <subfield code="a">Papers originally delivered at the conference "Codes de lois et lois sacrées: la redaction et la codification des lois en Grèce et dans l'Israël ancien", held in 2011 in Lausanne, Switzerland.</subfield>
      </datafield>
      <datafield tag="546" ind1=" " ind2=" ">
         <subfield code="a">4 French, 3 English contributions.</subfield>
      </datafield>
      <datafield tag="504" ind1=" " ind2=" ">
         <subfield code="a">Includes bibliographical references and index.</subfield>
      </datafield>
      <datafield tag="505" ind1="0" ind2="0">
         <subfield code="g">Introduction.</subfield>
         <subfield code="t">Written laws in their ancient contexts /</subfield>
         <subfield code="r">Dominique Jaillard &amp; Christophe Nihan.</subfield>
         <subfield code="g">Part one =</subfield>
         <subfield code="g">Première partie.</subfield>
         <subfield code="t">Codes, codification and legislators =</subfield>
         <subfield code="t">Codes, codification et légisateurs.</subfield>
         <subfield code="t">Les lois dans le mond cunéiforme : codificaiton ou mise par écrit du droit? /</subfield>
         <subfield code="r">Sophie Démare-Lafont --</subfield>
         <subfield code="t">La codification en Grèce archaique /</subfield>
         <subfield code="r">Françoise Ruzé --</subfield>
         <subfield code="t">Moses and the Greek lawgivers : the triumph of the Torah in ancient Mediterranean perspective /</subfield>
         <subfield code="r">Gary N. Knoppers --</subfield>
         <subfield code="t">La codification des lois en Égypte à l'époque perse /</subfield>
         <subfield code="r">Sandra L. Lippert.</subfield>
         <subfield code="g">Part two =</subfield>
         <subfield code="g">Deuxième partie.</subfield>
         <subfield code="t">Writing ritual norms : meaning and functions =</subfield>
         <subfield code="t">L'écriture de la norme rituelle : sens et fonctions.</subfield>
         <subfield code="t">Hiéra et Hosia : affaires divines et affaires humaines dans le travail législatif des assemblées /</subfield>
         <subfield code="r">Pierre Brulé --</subfield>
         <subfield code="t">Sacred law, lawgivers and codification : perspectives from the Hebrew Bible, Gortyn and Selinus /</subfield>
         <subfield code="r">Anselm C. Hagedorn --</subfield>
         <subfield code="t">Codifying 'sacred laws' in ancient Greece /</subfield>
         <subfield code="r">Jan-Mathieu Carbon &amp; Vinciane Pirenne-Delforge.</subfield>
      </datafield>
      <datafield tag="520" ind1=" " ind2=" ">
         <subfield code="a">"The present volume comprises various essays that examine the writing down and transmission of laws and legal collections in the ancient world, including Greece, Mesopotamia, Egypt and Israel. Using a comparative approach, the volume envisions the writing of legal collections as a complex set of social, political, economic and religious processes, and seeks to trace a number of the key dynamics involved in those processes. Additionally, the volume gives special attention to the writing down of ritual laws, which are considered here as a specific yet nonetheless instructive instance of legal formulation in ancient societies. In keeping with this methodological perspective, the first part of the volume ('Codes, codification and legislators') discusses the processes involved in the creation of legal collections as well as the relevance of the analytical categories used to describe these processes, whereas the second part ('Writing ritual prescriptions: meanings and functions') addresses issues related to the codification of ritual norms, especially in Greece and Israel. Overall, the volume aims to further the discussion on the writing of laws in antiquity with regard to a number of key questions, such as the relationship between written and unwritten norms, the function of written laws in the preservation and transformation of structures of authority, and the place of religion and rituals in processes of legal codification."--</subfield>
         <subfield code="c">Provided by publisher.</subfield>
      </datafield>
      <datafield tag="650" ind1=" " ind2="0">
         <subfield code="a">Law, Ancient.</subfield>
      </datafield>
      <datafield tag="650" ind1=" " ind2="0">
         <subfield code="a">Religion and law</subfield>
         <subfield code="x">History</subfield>
         <subfield code="y">To 500.</subfield>
      </datafield>
      <datafield tag="650" ind1=" " ind2="7">
         <subfield code="a">Law, Ancient.</subfield>
         <subfield code="2">fast</subfield>
         <subfield code="0">(OCoLC)fst00994165</subfield>
      </datafield>
      <datafield tag="650" ind1=" " ind2="7">
         <subfield code="a">Religion and law.</subfield>
         <subfield code="2">fast</subfield>
         <subfield code="0">(OCoLC)fst01093835</subfield>
      </datafield>
      <datafield tag="648" ind1=" " ind2="7">
         <subfield code="a">To 500.</subfield>
         <subfield code="2">fast</subfield>
      </datafield>
      <datafield tag="655" ind1=" " ind2="7">
         <subfield code="a">History.</subfield>
         <subfield code="2">fast</subfield>
         <subfield code="0">(OCoLC)fst01411628</subfield>
      </datafield>
      <datafield tag="700" ind1="1" ind2=" ">
         <subfield code="a">Jaillard, Dominique,</subfield>
         <subfield code="e">editor of compilation.</subfield>
      </datafield>
      <datafield tag="700" ind1="1" ind2=" ">
         <subfield code="a">Nihan, Christophe,</subfield>
         <subfield code="d">1972-</subfield>
         <subfield code="e">editor of compilation.</subfield>
      </datafield>
      <datafield tag="711" ind1="2" ind2=" ">
         <subfield code="a">Codes de lois et lois sacrées: la redaction et la codification des lois en Grèce et dans l'Israël ancien (Conference)</subfield>
         <subfield code="d">(2011 :</subfield>
         <subfield code="c">Lausanne, Switzerland)</subfield>
      </datafield>
      <datafield tag="830" ind1=" " ind2="0">
         <subfield code="a">Beihefte zur Zeitschrift für altorientalische und biblische Rechtsgeschichte ;</subfield>
         <subfield code="v">Band 19.</subfield>
         <subfield code="x">1439-619X</subfield>
      </datafield>
      <datafield tag="994" ind1=" " ind2=" ">
         <subfield code="a">Z0</subfield>
         <subfield code="b">ZYU</subfield>
      </datafield>
      <datafield tag="OWN" ind1=" " ind2=" ">
         <subfield code="a">GENERAL</subfield>
      </datafield>
      <datafield tag="AVA" ind1=" " ind2=" ">
         <subfield code="a">NYU50</subfield>
         <subfield code="b">NISAW</subfield>
         <subfield code="c">Small Collection</subfield>
         <subfield code="d">KL147 .W75 2017 Non-circulating</subfield>
         <subfield code="e">available</subfield>
         <subfield code="t">Available</subfield>
         <subfield code="f">1</subfield>
         <subfield code="g">0</subfield>
         <subfield code="h">N</subfield>
         <subfield code="i">0</subfield>
         <subfield code="j">SMALL</subfield>
         <subfield code="k">0</subfield>
      </datafield>
      <marc:datafield tag="852" ind1=" " ind2=" ">
         <marc:subfield code="b">Institute for the Study of the Ancient World, </marc:subfield>
         <marc:subfield code="c">Small Collection</marc:subfield>
         <marc:subfield code="e">15 East 84th St., </marc:subfield>
         <marc:subfield code="e">New York, NY  10028</marc:subfield>
      </marc:datafield>
   </record>