
  
  
  
  
  
  
  
  
  
 
  
  <record xsi:schemaLocation="http://www.loc.gov/MARC21/slim http://www.loc.gov/standards/marcxml/schema/MARC21slim.xsd">
      <leader>00000cam a2200565Ii 4500</leader>
      <controlfield tag="FMT">BK</controlfield>
      <controlfield tag="LDR">00000cam a2200565Ii 4500</controlfield>
      <controlfield tag="001">005061608</controlfield>
      <controlfield tag="003">OCoLC</controlfield>
      <controlfield tag="005">20171025235702.0</controlfield>
      <controlfield tag="008">170512t20172017gw ab    b    101 0 eng d</controlfield>
      <datafield tag="020" ind1=" " ind2=" ">
         <subfield code="a">9783825367541</subfield>
         <subfield code="q">(hardcover)</subfield>
      </datafield>
      <datafield tag="020" ind1=" " ind2=" ">
         <subfield code="a">3825367541</subfield>
         <subfield code="q">(hardcover)</subfield>
      </datafield>
      <datafield tag="020" ind1=" " ind2=" ">
         <subfield code="z">9783825377304</subfield>
         <subfield code="q">(electronic book)</subfield>
      </datafield>
      <datafield tag="035" ind1="7" ind2=" ">
         <subfield code="a">har170102365</subfield>
      </datafield>
      <datafield tag="035" ind1=" " ind2=" ">
         <subfield code="a">(OCoLC)993100034</subfield>
         <subfield code="z">(OCoLC)975488214</subfield>
         <subfield code="z">(OCoLC)987371704</subfield>
      </datafield>
      <datafield tag="040" ind1=" " ind2=" ">
         <subfield code="a">YDX</subfield>
         <subfield code="b">eng</subfield>
         <subfield code="e">rda</subfield>
         <subfield code="c">YDX</subfield>
         <subfield code="d">QGE</subfield>
         <subfield code="d">BTCTA</subfield>
         <subfield code="d">OHX</subfield>
         <subfield code="d">VA@</subfield>
         <subfield code="d">STF</subfield>
         <subfield code="d">INU</subfield>
         <subfield code="d">UBY</subfield>
         <subfield code="d">OCLCF</subfield>
         <subfield code="d">PIT</subfield>
         <subfield code="d">ERASA</subfield>
         <subfield code="d">WAU</subfield>
         <subfield code="d">WTU</subfield>
         <subfield code="d">OCL</subfield>
      </datafield>
      <datafield tag="043" ind1=" " ind2=" ">
         <subfield code="a">aw-----</subfield>
         <subfield code="a">e------</subfield>
         <subfield code="a">ff-----</subfield>
         <subfield code="a">e-gr---</subfield>
      </datafield>
      <datafield tag="050" ind1=" " ind2="4">
         <subfield code="a">PA3015.S72</subfield>
         <subfield code="b">I43 2013</subfield>
      </datafield>
      <datafield tag="079" ind1=" " ind2=" ">
         <subfield code="a">(OCoLC)993100034</subfield>
      </datafield>
      <datafield tag="082" ind1="0" ind2="4">
         <subfield code="a">809/.93384</subfield>
         <subfield code="2">23</subfield>
      </datafield>
      <datafield tag="111" ind1="2" ind2=" ">
         <subfield code="a">Imagining Spaces of Empire (Conference)</subfield>
         <subfield code="d">(2013 :</subfield>
         <subfield code="c">Berlin, Germany),</subfield>
         <subfield code="e">host institution.</subfield>
      </datafield>
      <datafield tag="245" ind1="1" ind2="0">
         <subfield code="a">Imagining empire :</subfield>
         <subfield code="b">political space in Hellenistic and Roman literature /</subfield>
         <subfield code="c">Victoria Rimell, Markus Asper (eds.).</subfield>
      </datafield>
      <datafield tag="264" ind1=" " ind2="1">
         <subfield code="a">Heidelberg :</subfield>
         <subfield code="b">Universitätsverlag Winter GmbH,</subfield>
         <subfield code="c">[2017]</subfield>
      </datafield>
      <datafield tag="264" ind1=" " ind2="4">
         <subfield code="c">©2017</subfield>
      </datafield>
      <datafield tag="300" ind1=" " ind2=" ">
         <subfield code="a">x, 264 pages :</subfield>
         <subfield code="b">illustrations, color maps ;</subfield>
         <subfield code="c">24 cm.</subfield>
      </datafield>
      <datafield tag="336" ind1=" " ind2=" ">
         <subfield code="a">text</subfield>
         <subfield code="b">txt</subfield>
         <subfield code="2">rdacontent</subfield>
      </datafield>
      <datafield tag="336" ind1=" " ind2=" ">
         <subfield code="a">still image</subfield>
         <subfield code="b">sti</subfield>
         <subfield code="2">rdacontent</subfield>
      </datafield>
      <datafield tag="336" ind1=" " ind2=" ">
         <subfield code="a">cartographic image</subfield>
         <subfield code="b">cri</subfield>
         <subfield code="2">rdacontent</subfield>
      </datafield>
      <datafield tag="337" ind1=" " ind2=" ">
         <subfield code="a">unmediated</subfield>
         <subfield code="b">n</subfield>
         <subfield code="2">rdamedia</subfield>
      </datafield>
      <datafield tag="338" ind1=" " ind2=" ">
         <subfield code="a">volume</subfield>
         <subfield code="b">nc</subfield>
         <subfield code="2">rdacarrier</subfield>
      </datafield>
      <datafield tag="490" ind1="1" ind2=" ">
         <subfield code="a">Bibliothek der klassischen Altertumswissenschaften ;</subfield>
         <subfield code="v">Neu Folge, 2. Reihe, Band 153</subfield>
      </datafield>
      <datafield tag="500" ind1=" " ind2=" ">
         <subfield code="a">"This volume presents in revised form the papers delivered at a conference entitled 'Imagining Space of Empire' which took place at Humboldt-University at Berlin in May 2013"--Acknowledgements.</subfield>
      </datafield>
      <datafield tag="504" ind1=" " ind2=" ">
         <subfield code="a">Includes bibliographical references (pages 219-238) and indexes.</subfield>
      </datafield>
      <datafield tag="520" ind1=" " ind2=" ">
         <subfield code="a">"This volume investigates space in Greek and Latin literature as a real and imaginary dimension in which social relations, identities, power and knowledge are materialized, represented and (re)performed. The twelve contributors focus on Hellenistic Alexandria and late Republican to early Imperial Rome, yet the essays range from Greece, Egypt, and Italy to the Black Sea, Asia, and North Africa, taking in Callimachus, Apollonius of Rhodes, Caesar, Sallust, Cicero, Virgil, Statius, and Juvenal along the way. As well as offering innovative interpretations of key texts from the third century BCE to the second century CE, the volume attempts to respond critically and imaginatively to the still-burgeoning body of work on space across the humanities in the wake of post-colonialist and poststructuralist thinking, and considers its potentially challenging implications for Classics as an evolving field of study."--</subfield>
         <subfield code="c">Provided by publisher.</subfield>
      </datafield>
      <datafield tag="505" ind1="0" ind2="0">
         <subfield code="g">Acknowledgements --</subfield>
         <subfield code="t">List of contributors --</subfield>
         <subfield code="g">Introduction.</subfield>
         <subfield code="t">You are here : encounters in imperial space /</subfield>
         <subfield code="r">Victoria Rimell --</subfield>
         <subfield code="t">The geopolitics of imagining ancient Alexandria /</subfield>
         <subfield code="r">Susan Stephens --</subfield>
         <subfield code="t">The Homeric shore of Alexandria : a narrative of a culture in motion /</subfield>
         <subfield code="r">Benjamin Acosta-Hughes --</subfield>
         <subfield code="t">Space and the imperial imaginary in Apollonius' Argonautika /</subfield>
         <subfield code="r">William G. Thalmann --</subfield>
         <subfield code="t">Imagining political space : some patterns /</subfield>
         <subfield code="r">Markus Asper --</subfield>
         <subfield code="t">Space and spin : geopolitical vistas in the 40s /</subfield>
         <subfield code="r">Ingo Gildenhard --</subfield>
         <subfield code="t">'Leave the city, Catiline!' : Sallust on imperial space and outlawing /</subfield>
         <subfield code="r">Therese Fuhrer --</subfield>
         <subfield code="t">Mapping foundations : the Italian network of city foundations in the poetic and antiquarian tradition /</subfield>
         <subfield code="r">Ulrich Schmitzer --</subfield>
         <subfield code="t">Virgil's Carthage : a heterotopic space of empire /</subfield>
         <subfield code="r">Elena Giusti --</subfield>
         <subfield code="t">Colonial readings in Virgilian geopoetics : the Trojans at Buthrotum /</subfield>
         <subfield code="r">Alessandro Barchiesi --</subfield>
         <subfield code="t">Beatus carcer, tristis harena : the spaces of Statius' Silvae /</subfield>
         <subfield code="r">Alexander Kirichenko --</subfield>
         <subfield code="t">Free-range, organic, locally-sourced satire : Juvenal goes global /</subfield>
         <subfield code="r">Tom Geue --</subfield>
         <subfield code="g">Abbreviations --</subfield>
         <subfield code="g">Bibliography cited --</subfield>
         <subfield code="g">Index locorum --</subfield>
         <subfield code="g">Index rerum nominumque.</subfield>
      </datafield>
      <datafield tag="650" ind1=" " ind2="0">
         <subfield code="a">Space in literature</subfield>
         <subfield code="v">Congresses.</subfield>
      </datafield>
      <datafield tag="650" ind1=" " ind2="0">
         <subfield code="a">Geopolitics in literature</subfield>
         <subfield code="v">Congresses.</subfield>
      </datafield>
      <datafield tag="650" ind1=" " ind2="0">
         <subfield code="a">Classical literature</subfield>
         <subfield code="x">History and criticism</subfield>
         <subfield code="v">Congresses.</subfield>
      </datafield>
      <datafield tag="650" ind1=" " ind2="7">
         <subfield code="a">Classical literature.</subfield>
         <subfield code="2">fast</subfield>
         <subfield code="0">(OCoLC)fst00863509</subfield>
      </datafield>
      <datafield tag="650" ind1=" " ind2="7">
         <subfield code="a">Geopolitics in literature.</subfield>
         <subfield code="2">fast</subfield>
         <subfield code="0">(OCoLC)fst01903346</subfield>
      </datafield>
      <datafield tag="650" ind1=" " ind2="7">
         <subfield code="a">Space in literature.</subfield>
         <subfield code="2">fast</subfield>
         <subfield code="0">(OCoLC)fst01904752</subfield>
      </datafield>
      <datafield tag="655" ind1=" " ind2="7">
         <subfield code="a">Conference papers and proceedings.</subfield>
         <subfield code="2">fast</subfield>
         <subfield code="0">(OCoLC)fst01423772</subfield>
      </datafield>
      <datafield tag="655" ind1=" " ind2="7">
         <subfield code="a">Criticism, interpretation, etc.</subfield>
         <subfield code="2">fast</subfield>
         <subfield code="0">(OCoLC)fst01411635</subfield>
      </datafield>
      <datafield tag="700" ind1="1" ind2=" ">
         <subfield code="a">Rimell, Victoria,</subfield>
         <subfield code="e">editor.</subfield>
      </datafield>
      <datafield tag="700" ind1="1" ind2=" ">
         <subfield code="a">Asper, Markus,</subfield>
         <subfield code="e">editor.</subfield>
      </datafield>
      <datafield tag="830" ind1=" " ind2="0">
         <subfield code="a">Bibliothek der klassischen Altertumswissenschaften ;</subfield>
         <subfield code="v">n.F., 2. Reihe, Bd. 153.</subfield>
      </datafield>
      <datafield tag="OWN" ind1=" " ind2=" ">
         <subfield code="a">GENERAL</subfield>
      </datafield>
      <datafield tag="AVA" ind1=" " ind2=" ">
         <subfield code="a">NYU50</subfield>
         <subfield code="b">BOBST</subfield>
         <subfield code="c">Main Collection</subfield>
         <subfield code="d">PA3015.S72 I43 2017</subfield>
         <subfield code="e">available</subfield>
         <subfield code="t">Available</subfield>
         <subfield code="f">1</subfield>
         <subfield code="g">0</subfield>
         <subfield code="h">N</subfield>
         <subfield code="i">0</subfield>
         <subfield code="j">MAIN</subfield>
         <subfield code="k">0</subfield>
      </datafield>
      <datafield tag="AVA" ind1=" " ind2=" ">
         <subfield code="a">NYU50</subfield>
         <subfield code="b">NISAW</subfield>
         <subfield code="c">Small Collection</subfield>
         <subfield code="d">PA3015.S72 I43 2013 Non-circulating</subfield>
         <subfield code="e">available</subfield>
         <subfield code="t">Available</subfield>
         <subfield code="f">1</subfield>
         <subfield code="g">0</subfield>
         <subfield code="h">N</subfield>
         <subfield code="i">0</subfield>
         <subfield code="j">SMALL</subfield>
         <subfield code="k">0</subfield>
      </datafield>
      <marc:datafield tag="852" ind1=" " ind2=" ">
         <marc:subfield code="b">Institute for the Study of the Ancient World, </marc:subfield>
         <marc:subfield code="c">Small Collection</marc:subfield>
         <marc:subfield code="e">15 East 84th St., </marc:subfield>
         <marc:subfield code="e">New York, NY  10028</marc:subfield>
      </marc:datafield>
   </record>