
  
  
  
  
  
  
  
  
  
  
  
  
  
 
  
  <record xsi:schemaLocation="http://www.loc.gov/MARC21/slim http://www.loc.gov/standards/marcxml/schema/MARC21slim.xsd">
      <leader>00000cam a22      i 4500</leader>
      <controlfield tag="FMT">BK</controlfield>
      <controlfield tag="LDR">00000cam a22      i 4500</controlfield>
      <controlfield tag="001">005853094</controlfield>
      <controlfield tag="005">20171013081751.0</controlfield>
      <controlfield tag="008">171013s1975    ru       b    000 0 rus</controlfield>
      <datafield tag="010" ind1=" " ind2=" ">
         <subfield code="a">   75547711</subfield>
      </datafield>
      <datafield tag="035" ind1=" " ind2=" ">
         <subfield code="a">(OCoLC)3585992</subfield>
         <subfield code="z">(OCoLC)220800731</subfield>
      </datafield>
      <datafield tag="040" ind1=" " ind2=" ">
         <subfield code="a">DLC</subfield>
         <subfield code="b">eng</subfield>
         <subfield code="c">DLC</subfield>
         <subfield code="d">KKU</subfield>
         <subfield code="d">CUY</subfield>
         <subfield code="d">BRL</subfield>
         <subfield code="d">OCLCF</subfield>
         <subfield code="d">AU@</subfield>
         <subfield code="d">UKMGB</subfield>
         <subfield code="d">OCLCO</subfield>
         <subfield code="d">OCLCQ</subfield>
         <subfield code="d">ZYU</subfield>
      </datafield>
      <datafield tag="042" ind1=" " ind2=" ">
         <subfield code="a">premarc</subfield>
      </datafield>
      <datafield tag="050" ind1="0" ind2="0">
         <subfield code="a">GN740</subfield>
         <subfield code="b">.P47 1975</subfield>
      </datafield>
      <datafield tag="079" ind1=" " ind2=" ">
         <subfield code="a">(OCoLC)3585992</subfield>
      </datafield>
      <datafield tag="082" ind1="0" ind2="4">
         <subfield code="a">573.309</subfield>
         <subfield code="b">P4713</subfield>
      </datafield>
      <datafield tag="245" ind1="0" ind2="0">
         <subfield code="6">880-01</subfield>
         <subfield code="a">Pervobytnoe obshchestvo :</subfield>
         <subfield code="b">osnovnye problemy razvitii͡a : [sbornik stateĭ /</subfield>
         <subfield code="c">otv. red. A.I. Pershit͡s].</subfield>
      </datafield>
      <datafield tag="260" ind1=" " ind2=" ">
         <subfield code="6">880-02</subfield>
         <subfield code="a">Moskva :</subfield>
         <subfield code="b">Nauka,</subfield>
         <subfield code="c">1975.</subfield>
      </datafield>
      <datafield tag="300" ind1=" " ind2=" ">
         <subfield code="a">284 pages ;</subfield>
         <subfield code="c">22 cm</subfield>
      </datafield>
      <datafield tag="336" ind1=" " ind2=" ">
         <subfield code="a">text</subfield>
         <subfield code="b">txt</subfield>
         <subfield code="2">rdacontent</subfield>
      </datafield>
      <datafield tag="337" ind1=" " ind2=" ">
         <subfield code="a">unmediated</subfield>
         <subfield code="b">n</subfield>
         <subfield code="2">rdamedia</subfield>
      </datafield>
      <datafield tag="338" ind1=" " ind2=" ">
         <subfield code="a">volume</subfield>
         <subfield code="b">nc</subfield>
         <subfield code="2">rdacarrier</subfield>
      </datafield>
      <datafield tag="500" ind1=" " ind2=" ">
         <subfield code="a">ISAW copy is from the library of Aleksandr Leskov.</subfield>
         <subfield code="5">NyNyUAW</subfield>
      </datafield>
      <datafield tag="500" ind1=" " ind2=" ">
         <subfield code="6">880-03</subfield>
         <subfield code="a">At head of title: Akademii͡a nauk SSSR. Institut ėtnografii im. N.N. Miklukho-Maklai͡a.</subfield>
      </datafield>
      <datafield tag="504" ind1=" " ind2=" ">
         <subfield code="a">Includes bibliographical references.</subfield>
      </datafield>
      <datafield tag="650" ind1=" " ind2="0">
         <subfield code="a">Prehistoric peoples.</subfield>
      </datafield>
      <datafield tag="700" ind1="1" ind2=" ">
         <subfield code="6">880-04</subfield>
         <subfield code="a">Pershit͡s, A. I.</subfield>
         <subfield code="q">(Abram Isaakovich),</subfield>
         <subfield code="e">edtor.</subfield>
      </datafield>
      <datafield tag="710" ind1="2" ind2=" ">
         <subfield code="6">880-05</subfield>
         <subfield code="a">Institut ėtnografii imeni N.N. Miklukho-Maklai͡a,</subfield>
         <subfield code="e">issuing body.</subfield>
      </datafield>
      <datafield tag="776" ind1="0" ind2="8">
         <subfield code="i">Online version:</subfield>
         <subfield code="t">Pervobytnoe obshchestvo.</subfield>
         <subfield code="d">Moskva : Nauka, 1975</subfield>
         <subfield code="w">(OCoLC)575864920</subfield>
      </datafield>
      <datafield tag="700" ind1="1" ind2=" ">
         <subfield code="a">Leskov, Aleksandr Mikhaĭlovich,</subfield>
         <subfield code="e">former owner.</subfield>
         <subfield code="5">NyNyUAW</subfield>
      </datafield>
      <datafield tag="740" ind1="0" ind2=" ">
         <subfield code="a">Leskov Collection.</subfield>
         <subfield code="5">NyNyUAW</subfield>
      </datafield>
      <datafield tag="880" ind1="0" ind2="0">
         <subfield code="6">245-01/</subfield>
         <subfield code="a">Первобытное общество :</subfield>
         <subfield code="b">основные проблемы развития : [сборник статей /</subfield>
         <subfield code="c">отв. ред. А.И. Першиц].</subfield>
      </datafield>
      <datafield tag="880" ind1=" " ind2=" ">
         <subfield code="6">260-02/</subfield>
         <subfield code="a">Москва :</subfield>
         <subfield code="b">Наука,</subfield>
         <subfield code="c">1975.</subfield>
      </datafield>
      <datafield tag="880" ind1=" " ind2=" ">
         <subfield code="6">500-03/</subfield>
         <subfield code="a">Аt head of title: Академия наук СССР. Институт этнографии им. Н.Н. Миклухо-Маклая.</subfield>
      </datafield>
      <datafield tag="880" ind1="1" ind2=" ">
         <subfield code="6">700-04/</subfield>
         <subfield code="a">Першиц, А. И.</subfield>
         <subfield code="q">(Абрам Исаакович),</subfield>
         <subfield code="e">editor.</subfield>
      </datafield>
      <datafield tag="880" ind1="2" ind2=" ">
         <subfield code="6">710-05/</subfield>
         <subfield code="a">Институт этнографии имени Н.Н. Миклухо-Маклая,</subfield>
         <subfield code="e">issuing body.</subfield>
      </datafield>
      <datafield tag="OWN" ind1=" " ind2=" ">
         <subfield code="a">GENERAL</subfield>
      </datafield>
      <datafield tag="AVA" ind1=" " ind2=" ">
         <subfield code="a">NYU50</subfield>
         <subfield code="b">NISAW</subfield>
         <subfield code="c">Small Collection</subfield>
         <subfield code="d">GN740 .P47 1975 Non-circulating</subfield>
         <subfield code="e">available</subfield>
         <subfield code="t">Available</subfield>
         <subfield code="f">1</subfield>
         <subfield code="g">0</subfield>
         <subfield code="h">N</subfield>
         <subfield code="i">0</subfield>
         <subfield code="j">SMALL</subfield>
         <subfield code="k">0</subfield>
      </datafield>
      <marc:datafield tag="852" ind1=" " ind2=" ">
         <marc:subfield code="b">Institute for the Study of the Ancient World, </marc:subfield>
         <marc:subfield code="c">Small Collection</marc:subfield>
         <marc:subfield code="e">15 East 84th St., </marc:subfield>
         <marc:subfield code="e">New York, NY  10028</marc:subfield>
      </marc:datafield>
   </record>