
  
  
  
  
  
  
  
  
  
  
 
  
  <record xsi:schemaLocation="http://www.loc.gov/MARC21/slim http://www.loc.gov/standards/marcxml/schema/MARC21slim.xsd">
      <leader>00000cam a22006974a 4500</leader>
      <controlfield tag="FMT">BK</controlfield>
      <controlfield tag="LDR">00000cam a22006974a 4500</controlfield>
      <controlfield tag="001">005884270</controlfield>
      <controlfield tag="003">OCoLC</controlfield>
      <controlfield tag="005">20171025115824.0</controlfield>
      <controlfield tag="008">051228s2005    dcuab    b   f101 0 eng</controlfield>
      <datafield tag="010" ind1=" " ind2=" ">
         <subfield code="a">2005037693</subfield>
      </datafield>
      <datafield tag="016" ind1="7" ind2=" ">
         <subfield code="a">015883106</subfield>
         <subfield code="2">Uk</subfield>
      </datafield>
      <datafield tag="020" ind1=" " ind2=" ">
         <subfield code="a">0967342996</subfield>
         <subfield code="q">(pbk. ;</subfield>
         <subfield code="q">alk. paper)</subfield>
      </datafield>
      <datafield tag="020" ind1=" " ind2=" ">
         <subfield code="a">9780967342993</subfield>
         <subfield code="q">(pbk. ;</subfield>
         <subfield code="q">alk. paper)</subfield>
      </datafield>
      <datafield tag="035" ind1=" " ind2=" ">
         <subfield code="a">(OCoLC)62782166</subfield>
      </datafield>
      <datafield tag="040" ind1=" " ind2=" ">
         <subfield code="a">DLC</subfield>
         <subfield code="b">eng</subfield>
         <subfield code="c">DLC</subfield>
         <subfield code="d">BTCTA</subfield>
         <subfield code="d">TOZ</subfield>
         <subfield code="d">OCLCQ</subfield>
         <subfield code="d">UKMGB</subfield>
         <subfield code="d">OCLCA</subfield>
         <subfield code="d">CHVBK</subfield>
         <subfield code="d">OCLCO</subfield>
         <subfield code="d">OCLCQ</subfield>
         <subfield code="d">OCLCO</subfield>
         <subfield code="d">OCLCQ</subfield>
         <subfield code="d">CNUTO</subfield>
         <subfield code="d">ZYU</subfield>
      </datafield>
      <datafield tag="041" ind1="0" ind2=" ">
         <subfield code="a">eng</subfield>
         <subfield code="a">rus</subfield>
      </datafield>
      <datafield tag="042" ind1=" " ind2=" ">
         <subfield code="a">pcc</subfield>
      </datafield>
      <datafield tag="043" ind1=" " ind2=" ">
         <subfield code="a">a-mp---</subfield>
      </datafield>
      <datafield tag="044" ind1=" " ind2=" ">
         <subfield code="a">dcu</subfield>
         <subfield code="a">mp</subfield>
      </datafield>
      <datafield tag="050" ind1="0" ind2="0">
         <subfield code="a">DS798.422.D37</subfield>
         <subfield code="b">D44 2005</subfield>
      </datafield>
      <datafield tag="079" ind1=" " ind2=" ">
         <subfield code="a">(OCoLC)62782166</subfield>
      </datafield>
      <datafield tag="082" ind1="0" ind2="0">
         <subfield code="a">931</subfield>
         <subfield code="2">22</subfield>
      </datafield>
      <datafield tag="245" ind1="0" ind2="4">
         <subfield code="a">The Deer Stone Project :</subfield>
         <subfield code="b">anthropological studies in Mongolia, 2002-2004 /</subfield>
         <subfield code="c">William W. Fitzhugh, editor ; Jamsranjav Bayarsaikhan, assistant editor, Peter K. Marsh, assistant editor.</subfield>
      </datafield>
      <datafield tag="260" ind1=" " ind2=" ">
         <subfield code="a">Washington, D.C. :</subfield>
         <subfield code="b">Arctic Studies Center, National Museum of Natural History, Smithsonian Institution ;</subfield>
         <subfield code="a">Ulaanbaatar, Mongolia :</subfield>
         <subfield code="b">National Museum of Mongolian History,</subfield>
         <subfield code="c">2005.</subfield>
      </datafield>
      <datafield tag="300" ind1=" " ind2=" ">
         <subfield code="a">xii, 254 pages :</subfield>
         <subfield code="b">illustrations, maps ;</subfield>
         <subfield code="c">30 cm</subfield>
      </datafield>
      <datafield tag="336" ind1=" " ind2=" ">
         <subfield code="a">text</subfield>
         <subfield code="b">txt</subfield>
         <subfield code="2">rdacontent</subfield>
      </datafield>
      <datafield tag="337" ind1=" " ind2=" ">
         <subfield code="a">unmediated</subfield>
         <subfield code="b">n</subfield>
         <subfield code="2">rdamedia</subfield>
      </datafield>
      <datafield tag="338" ind1=" " ind2=" ">
         <subfield code="a">volume</subfield>
         <subfield code="b">nc</subfield>
         <subfield code="2">rdacarrier</subfield>
      </datafield>
      <datafield tag="500" ind1=" " ind2=" ">
         <subfield code="a">ISAW copy is a gift of the Smithsonian Institution.</subfield>
         <subfield code="5">NyNyUAW</subfield>
      </datafield>
      <datafield tag="500" ind1=" " ind2=" ">
         <subfield code="a">Some papers originally presented at a symposium and workshops.</subfield>
      </datafield>
      <datafield tag="546" ind1=" " ind2=" ">
         <subfield code="a">English and Russian.</subfield>
      </datafield>
      <datafield tag="504" ind1=" " ind2=" ">
         <subfield code="a">Includes bibliographical references and index.</subfield>
      </datafield>
      <datafield tag="505" ind1="0" ind2="0">
         <subfield code="t">Preface /</subfield>
         <subfield code="r">by Dr. A. Ochir --</subfield>
         <subfield code="g">1.</subfield>
         <subfield code="t">The Deer Stone Project: exploring northern Mongolia and its Arctic connections /</subfield>
         <subfield code="r">William W. Fitzhugh. --</subfield>
         <subfield code="g">2.</subfield>
         <subfield code="t">The ancient art of Mongolian reindeer herding /</subfield>
         <subfield code="r">Oi. Sukhbaatar. --</subfield>
         <subfield code="g">3.</subfield>
         <subfield code="t">Shamanistic elements in Mongolian deer stone art /</subfield>
         <subfield code="r">Jamsranjav Bayarsaikhan. --</subfield>
         <subfield code="g">4.</subfield>
         <subfield code="t">Rock art from the Darkhat-West Hovsgol region /</subfield>
         <subfield code="r">T. Sanjmyatav. --</subfield>
         <subfield code="g">5.</subfield>
         <subfield code="t">Burial mounds in Hovsgol Aimag, northern Mongolia: preliminary results from 2003 and 2004 /</subfield>
         <subfield code="r">Bruno Frohlich, Naran Bazarsad, and Baatartsogt. --</subfield>
         <subfield code="g">6.</subfield>
         <subfield code="t">Bronze age burial mounds in northern Mongolia: sse of GIS in identifying spatial and temporal variation /</subfield>
         <subfield code="r">Eliza Wallace and Bruno Frohlich. --</subfield>
         <subfield code="g">7.</subfield>
         <subfield code="t">Tsaabug, Tsaahag, Tsaatan: ethno-ecology of Mongolia's Dukha reindeer herders /</subfield>
         <subfield code="r">Paula T. DePriest. --</subfield>
         <subfield code="g">8.</subfield>
         <subfield code="t">Ethnography of the west Taiga Tsaatan reindeer herders /</subfield>
         <subfield code="r">Ts. Ayush. --</subfield>
         <subfield code="g">9.</subfield>
         <subfield code="t">Fourteenth century mummified human remains from the Gobi Desert, Mongolia /</subfield>
         <subfield code="r">Naran Bazarsad, Bruno Frohlich, Natsag Batbold, and David Hunt. --</subfield>
         <subfield code="g">10.</subfield>
         <subfield code="t">Comparative analysis of alpine/arctic plants in Hovsgol Province, northern Mongolia /</subfield>
         <subfield code="r">Ts. Tsendeehuu. --</subfield>
         <subfield code="g">11.</subfield>
         <subfield code="t">Modern vegetation of the Hovsgol region of Mongolia: a possible key to the demise of the Ice Age mammoth steppe of the Arctic /</subfield>
         <subfield code="r">Steven B. Young. --</subfield>
         <subfield code="g">12.</subfield>
         <subfield code="t">Workshop summaries – introduction /</subfield>
         <subfield code="r">Harriet F. Beaubien. --</subfield>
         <subfield code="g">13.</subfield>
         <subfield code="t">Archaeological conservation: collections care from field to museum /</subfield>
         <subfield code="r">Harriet F. Beaubien. --</subfield>
         <subfield code="g">14.</subfield>
         <subfield code="t">Model-making and casting /</subfield>
         <subfield code="r">aul Rhymer and Carolyn Thome. --</subfield>
         <subfield code="g">15.</subfield>
         <subfield code="t">Integrated pest management in museums /</subfield>
         <subfield code="r">Jeremy Jacobs and Deborah Bell. --</subfield>
         <subfield code="g">16.</subfield>
         <subfield code="t">Field and laboratory collections management: artifacts and human remains /</subfield>
         <subfield code="r">David R. Hunt. --</subfield>
         <subfield code="g">17.</subfield>
         <subfield code="t">Excavation and treatment of skeletal remains /</subfield>
         <subfield code="r">David R. Hunt. --</subfield>
         <subfield code="g">18.</subfield>
         <subfield code="t">Archaeological reports from the 2004 Deer Stone Project /</subfield>
         <subfield code="r">Jamsranjav Bayarsaikhan, Ts. Odbaatar, and William W. Fitzhugh.</subfield>
      </datafield>
      <datafield tag="650" ind1=" " ind2="0">
         <subfield code="a">Darkhat (Mongolian people)</subfield>
         <subfield code="x">Implements</subfield>
         <subfield code="v">Congresses.</subfield>
      </datafield>
      <datafield tag="650" ind1=" " ind2="0">
         <subfield code="a">Darkhat (Mongolian people)</subfield>
         <subfield code="x">Domestic animals</subfield>
         <subfield code="v">Congresses.</subfield>
      </datafield>
      <datafield tag="650" ind1=" " ind2="0">
         <subfield code="a">Darkhat (Mongolian people)</subfield>
         <subfield code="x">Antiquities</subfield>
         <subfield code="v">Congresses.</subfield>
      </datafield>
      <datafield tag="650" ind1=" " ind2="0">
         <subfield code="a">Ethnology</subfield>
         <subfield code="z">Mongolia</subfield>
         <subfield code="z">Khȯvsgȯl Aĭmag</subfield>
         <subfield code="v">Congresses.</subfield>
      </datafield>
      <datafield tag="650" ind1=" " ind2="0">
         <subfield code="a">Reindeer herding</subfield>
         <subfield code="z">Mongolia</subfield>
         <subfield code="z">Khȯvsgȯl Aĭmag</subfield>
         <subfield code="v">Congresses.</subfield>
      </datafield>
      <datafield tag="650" ind1=" " ind2="0">
         <subfield code="a">Preservation of materials</subfield>
         <subfield code="v">Congresses.</subfield>
      </datafield>
      <datafield tag="650" ind1=" " ind2="0">
         <subfield code="a">Deer in art</subfield>
         <subfield code="v">Congresses.</subfield>
      </datafield>
      <datafield tag="650" ind1=" " ind2="0">
         <subfield code="a">Stone carving</subfield>
         <subfield code="z">Mongolia</subfield>
         <subfield code="z">Khȯvsgȯl Aĭmag</subfield>
         <subfield code="v">Congresses.</subfield>
      </datafield>
      <datafield tag="650" ind1=" " ind2="0">
         <subfield code="a">Excavations (Archaeology)</subfield>
         <subfield code="z">Mongolia</subfield>
         <subfield code="z">Khȯvsgȯl Aĭmag</subfield>
         <subfield code="v">Congresses.</subfield>
      </datafield>
      <datafield tag="651" ind1=" " ind2="0">
         <subfield code="a">Khȯvsgȯl Aĭmag (Mongolia)</subfield>
         <subfield code="x">Antiquities</subfield>
         <subfield code="v">Congresses.</subfield>
      </datafield>
      <datafield tag="650" ind1=" " ind2="7">
         <subfield code="a">Nomadismus.</subfield>
         <subfield code="0">(DE-588)4140286-8</subfield>
         <subfield code="2">gnd</subfield>
      </datafield>
      <datafield tag="650" ind1=" " ind2="7">
         <subfield code="a">Nutztierzucht.</subfield>
         <subfield code="0">(DE-588)4474521-7</subfield>
         <subfield code="2">gnd</subfield>
      </datafield>
      <datafield tag="650" ind1=" " ind2="7">
         <subfield code="a">Archäologie.</subfield>
         <subfield code="0">(DE-588)4002827-6</subfield>
         <subfield code="2">gnd</subfield>
      </datafield>
      <datafield tag="650" ind1=" " ind2="7">
         <subfield code="a">Schamanismus.</subfield>
         <subfield code="0">(DE-588)4052062-6</subfield>
         <subfield code="2">gnd</subfield>
      </datafield>
      <datafield tag="651" ind1=" " ind2="7">
         <subfield code="a">Mongolei.</subfield>
         <subfield code="0">(DE-588)4040056-6</subfield>
         <subfield code="2">gnd</subfield>
      </datafield>
      <datafield tag="700" ind1="1" ind2=" ">
         <subfield code="a">Fitzhugh, William W.,</subfield>
         <subfield code="d">1943-</subfield>
      </datafield>
      <datafield tag="700" ind1="0" ind2=" ">
         <subfield code="a">Bai͡arsaĭkhan, Zhamsranzhavyn.</subfield>
      </datafield>
      <datafield tag="700" ind1="1" ind2=" ">
         <subfield code="a">Marsh, Peter K.</subfield>
      </datafield>
      <datafield tag="710" ind1="2" ind2=" ">
         <subfield code="a">Arctic Studies Center (National Museum of Natural History)</subfield>
      </datafield>
      <datafield tag="710" ind1="2" ind2=" ">
         <subfield code="a">Mongolyn U̇ndėsniĭ Tu̇u̇khiĭn Muzeĭ.</subfield>
      </datafield>
      <datafield tag="856" ind1="4" ind2="1">
         <subfield code="3">Table of contents</subfield>
         <subfield code="u">http://catdir.loc.gov/catdir/toc/ecip065/2005037693.html</subfield>
      </datafield>
      <datafield tag="OWN" ind1=" " ind2=" ">
         <subfield code="a">GENERAL</subfield>
      </datafield>
      <datafield tag="AVA" ind1=" " ind2=" ">
         <subfield code="a">NYU50</subfield>
         <subfield code="b">NISAW</subfield>
         <subfield code="c">Large Collection</subfield>
         <subfield code="d">DS798.422.D37 D44 2005 Non-circulating</subfield>
         <subfield code="e">available</subfield>
         <subfield code="t">Available</subfield>
         <subfield code="f">1</subfield>
         <subfield code="g">0</subfield>
         <subfield code="h">N</subfield>
         <subfield code="i">0</subfield>
         <subfield code="j">LARGE</subfield>
         <subfield code="k">0</subfield>
      </datafield>
      <marc:datafield tag="852" ind1=" " ind2=" ">
         <marc:subfield code="b">Institute for the Study of the Ancient World, </marc:subfield>
         <marc:subfield code="c">Large Collection</marc:subfield>
         <marc:subfield code="e">15 East 84th St., </marc:subfield>
         <marc:subfield code="e">New York, NY  10028</marc:subfield>
      </marc:datafield>
   </record>