
  
  
  
  
  
  
  
  
  
  
 
  
  <record xsi:schemaLocation="http://www.loc.gov/MARC21/slim http://www.loc.gov/standards/marcxml/schema/MARC21slim.xsd">
      <leader>00000cam a2200517Ii 4500</leader>
      <controlfield tag="FMT">BK</controlfield>
      <controlfield tag="LDR">00000cam a2200517Ii 4500</controlfield>
      <controlfield tag="001">005884293</controlfield>
      <controlfield tag="003">OCoLC</controlfield>
      <controlfield tag="005">20171025113745.0</controlfield>
      <controlfield tag="008">170829s2017    ua abe   b    000 0 eng d</controlfield>
      <datafield tag="020" ind1=" " ind2=" ">
         <subfield code="a">9782724706963</subfield>
         <subfield code="q">(hbk.)</subfield>
      </datafield>
      <datafield tag="020" ind1=" " ind2=" ">
         <subfield code="a">272470696X</subfield>
      </datafield>
      <datafield tag="035" ind1=" " ind2=" ">
         <subfield code="a">(OCoLC)1002185387</subfield>
      </datafield>
      <datafield tag="040" ind1=" " ind2=" ">
         <subfield code="a">AUXAM</subfield>
         <subfield code="b">eng</subfield>
         <subfield code="e">rda</subfield>
         <subfield code="c">AUXAM</subfield>
         <subfield code="d">NDD</subfield>
         <subfield code="d">NOC</subfield>
         <subfield code="d">OCLCF</subfield>
         <subfield code="d">ZYU</subfield>
      </datafield>
      <datafield tag="043" ind1=" " ind2=" ">
         <subfield code="a">f-ua---</subfield>
      </datafield>
      <datafield tag="046" ind1=" " ind2=" ">
         <subfield code="2">edtf</subfield>
      </datafield>
      <datafield tag="050" ind1=" " ind2="4">
         <subfield code="a">DT62.B3</subfield>
         <subfield code="b">C655 2017</subfield>
      </datafield>
      <datafield tag="079" ind1=" " ind2=" ">
         <subfield code="a">(OCoLC)1002185387</subfield>
      </datafield>
      <datafield tag="082" ind1=" " ind2="4">
         <subfield code="a">930</subfield>
      </datafield>
      <datafield tag="245" ind1="0" ind2="0">
         <subfield code="a">Collective baths in Egypt 2 :</subfield>
         <subfield code="b">new discoveries and perspectives /</subfield>
         <subfield code="c">edited by Bérangère Redon.</subfield>
      </datafield>
      <datafield tag="264" ind1=" " ind2="1">
         <subfield code="a">Le Caire :</subfield>
         <subfield code="b">Institut français d'archéologie orientale,</subfield>
         <subfield code="c">2017.</subfield>
      </datafield>
      <datafield tag="300" ind1=" " ind2=" ">
         <subfield code="a">vi, 563 pages :</subfield>
         <subfield code="b">illustrations, maps, plans ;</subfield>
         <subfield code="c">32 cm.</subfield>
      </datafield>
      <datafield tag="336" ind1=" " ind2=" ">
         <subfield code="a">text</subfield>
         <subfield code="b">txt</subfield>
         <subfield code="2">rdacontent</subfield>
      </datafield>
      <datafield tag="337" ind1=" " ind2=" ">
         <subfield code="a">unmediated</subfield>
         <subfield code="b">n</subfield>
         <subfield code="2">rdamedia</subfield>
      </datafield>
      <datafield tag="338" ind1=" " ind2=" ">
         <subfield code="a">volume</subfield>
         <subfield code="b">nc</subfield>
         <subfield code="2">rdacarrier</subfield>
      </datafield>
      <datafield tag="382" ind1="0" ind2="1">
         <subfield code="2">lcmpt</subfield>
      </datafield>
      <datafield tag="490" ind1="1" ind2=" ">
         <subfield code="a">Études urbaines,</subfield>
         <subfield code="x">1110-2497 ;</subfield>
         <subfield code="v">10</subfield>
      </datafield>
      <datafield tag="500" ind1=" " ind2=" ">
         <subfield code="a">Initial volume "Le bain collectif en Égypte" published: Cairo : Institut français d'archéologie orientale du Caire, 2009.</subfield>
      </datafield>
      <datafield tag="504" ind1=" " ind2=" ">
         <subfield code="a">Includes bibliographical references (pages 541-563).</subfield>
      </datafield>
      <datafield tag="505" ind1="0" ind2="0">
         <subfield code="t">Rediscovering the bathing heritage of Egypt /</subfield>
         <subfield code="r">Bérangère Redon --</subfield>
         <subfield code="t">An early Ptolemaic bath in the fortress of Bi'r Samut (Eastern desert) /</subfield>
         <subfield code="r">Jean-Pierre Brun, Thomas Faucher, Bérangère Redon --</subfield>
         <subfield code="t">A new Ptolemaic bath building at Buto/Tell el-Faraʻin: a preliminary report /</subfield>
         <subfield code="r">Mohamed Abd el-Rafa Fadl, Wagy Ibrahim Abd el-Nabi, Guy Lecuyot, Bérangère Redon --</subfield>
         <subfield code="t">The Tholos bath at Kom Wasit /</subfield>
         <subfield code="r">Mohamed Kenawi, Nunzia Larosa --</subfield>
         <subfield code="t">Two baths from Syene /</subfield>
         <subfield code="r">Wolfgang Müller, Mariola Hepa --</subfield>
         <subfield code="t">Baths from the Ptolemaic period in Athribis (Tell Atrib, Lower Egypt) /</subfield>
         <subfield code="r">Katol Myśliwiec --</subfield>
         <subfield code="t">The lost Graeco-Roman baths of the eastern Delta /</subfield>
         <subfield code="r">Aiman Ashmawy Ali --</subfield>
         <subfield code="t">Bathing in the shadow of the pyramids: Greek baths in Egypt, back to an original bath model /</subfield>
         <subfield code="r">Thibaud Fournet, Bérangère Redon --</subfield>
         <subfield code="t">The floors of the Ptolemaic baths of Egypt: between technique and aesthetics /</subfield>
         <subfield code="r">Anne-Marie Guimier-Sorbets, Bérangère Redon --</subfield>
         <subfield code="t">Roman baths in Marina el-ʻAlamein /</subfield>
      </datafield>
      <datafield tag="505" ind1="8" ind2="0">
         <subfield code="r">Grażyna Bąkawska-Czerner, Rafał Czerner --</subfield>
         <subfield code="t">A new public bath in Trimithis (Amehida, Dakhla Oasis) /</subfield>
         <subfield code="r">Paola Davoli --</subfield>
         <subfield code="t">The Roman baths at Karnak, between river and temples: architectural study and urban context /</subfield>
         <subfield code="r">Salah el-Masekh, Thibaud Fournet, Pauline Piraud-Fournet, Mansour Boraik --</subfield>
         <subfield code="t">The missing baths of the first and second centuries in Egypt: a tentative explanation /</subfield>
         <subfield code="r">Bérangère Redon --</subfield>
         <subfield code="t">Tomano-Byzantine baths of Egypt: the birth and spread of a little-known regional model /</subfield>
         <subfield code="r">Thibaud Fournet, Bérangère Redon --</subfield>
         <subfield code="t">Heating the baths during the Ptolemaic and Roman periods in Egypt: comparing the archaeobotanical and textual data /</subfield>
         <subfield code="r">Charlène Bouchad, Bérangère Redon --</subfield>
         <subfield code="t">The Hammams of the Egyptian provinces during the modern and contemporary periods: an inventory /</subfield>
         <subfield code="r">Muhammad Husam al-Din Ismaʻil, Michel Tuchscherer, Matthieu Vanpeene --</subfield>
         <subfield code="t">Presentation and principles of the catalogues /</subfield>
         <subfield code="r">Bérangère Redon --</subfield>
         <subfield code="t">Catalogue of the Greek Tholos baths of Egypt /</subfield>
         <subfield code="r">Thibault Fournet, Bérangère Redon --</subfield>
         <subfield code="t">Catalogue of the small Greek baths in Egypt /</subfield>
         <subfield code="r">Thibaud Fournet, Bérangère Redon --</subfield>
         <subfield code="t">Catalogue of the Roman and Byzantine baths of Egypt /</subfield>
         <subfield code="r">Thibaud Fournet, Bérangère Redon, Matthieu Vanpeene --</subfield>
         <subfield code="t">Catalogue of the Egyptian Hammams outside Alexandria and Cairo /</subfield>
         <subfield code="r">Michel Tuchscherer, Matthieu Vanpeene.</subfield>
      </datafield>
      <datafield tag="650" ind1=" " ind2="0">
         <subfield code="a">Public baths</subfield>
         <subfield code="z">Egypt.</subfield>
      </datafield>
      <datafield tag="650" ind1=" " ind2="0">
         <subfield code="a">Excavations (Archaeology)</subfield>
         <subfield code="z">Egypt.</subfield>
      </datafield>
      <datafield tag="651" ind1=" " ind2="0">
         <subfield code="a">Egypt</subfield>
         <subfield code="x">Antiquities.</subfield>
      </datafield>
      <datafield tag="651" ind1=" " ind2="7">
         <subfield code="a">Aegyptus.</subfield>
         <subfield code="2">pleiades</subfield>
         <subfield code="0">https://pleiades.stoa.org/places/766</subfield>
      </datafield>
      <datafield tag="650" ind1=" " ind2="7">
         <subfield code="a">Antiquities.</subfield>
         <subfield code="2">fast</subfield>
         <subfield code="0">(OCoLC)fst00810745</subfield>
      </datafield>
      <datafield tag="650" ind1=" " ind2="7">
         <subfield code="a">Public baths.</subfield>
         <subfield code="2">fast</subfield>
         <subfield code="0">(OCoLC)fst01082075</subfield>
      </datafield>
      <datafield tag="651" ind1=" " ind2="7">
         <subfield code="a">Egypt.</subfield>
         <subfield code="2">fast</subfield>
         <subfield code="0">(OCoLC)fst01208755</subfield>
      </datafield>
      <datafield tag="700" ind1="1" ind2=" ">
         <subfield code="a">Redon, Bérangère,</subfield>
         <subfield code="e">editor.</subfield>
      </datafield>
      <datafield tag="830" ind1=" " ind2="0">
         <subfield code="a">Etudes urbaines (Cairo, Egypt) ;</subfield>
         <subfield code="v">t. 10.</subfield>
         <subfield code="x">1110-2497</subfield>
      </datafield>
      <datafield tag="OWN" ind1=" " ind2=" ">
         <subfield code="a">GENERAL</subfield>
      </datafield>
      <datafield tag="AVA" ind1=" " ind2=" ">
         <subfield code="a">NYU50</subfield>
         <subfield code="b">NISAW</subfield>
         <subfield code="c">Oversize Collection</subfield>
         <subfield code="d">DT62.B3 C655 2017 Non-circulating</subfield>
         <subfield code="e">available</subfield>
         <subfield code="t">Available</subfield>
         <subfield code="f">1</subfield>
         <subfield code="g">0</subfield>
         <subfield code="h">N</subfield>
         <subfield code="i">0</subfield>
         <subfield code="j">OVERZ</subfield>
         <subfield code="k">0</subfield>
      </datafield>
      <marc:datafield tag="852" ind1=" " ind2=" ">
         <marc:subfield code="b">Institute for the Study of the Ancient World, </marc:subfield>
         <marc:subfield code="c">Oversize Collection</marc:subfield>
         <marc:subfield code="e">15 East 84th St., </marc:subfield>
         <marc:subfield code="e">New York, NY  10028</marc:subfield>
      </marc:datafield>
   </record>