
  
  
  
  
  
  
  
 
  
  <record xsi:schemaLocation="http://www.loc.gov/MARC21/slim http://www.loc.gov/standards/marcxml/schema/MARC21slim.xsd">
      <leader>00000cam a2200637Ii 4500</leader>
      <controlfield tag="FMT">BK</controlfield>
      <controlfield tag="LDR">00000cam a2200637Ii 4500</controlfield>
      <controlfield tag="001">005892989</controlfield>
      <controlfield tag="003">OCoLC</controlfield>
      <controlfield tag="005">20171025215325.0</controlfield>
      <controlfield tag="008">171025s2016    mp ab    b    000 0 mon d</controlfield>
      <datafield tag="020" ind1=" " ind2=" ">
         <subfield code="a">9789997309563</subfield>
         <subfield code="q">(v.1)</subfield>
      </datafield>
      <datafield tag="020" ind1=" " ind2=" ">
         <subfield code="a">9997309561</subfield>
         <subfield code="q">(v.1)</subfield>
      </datafield>
      <datafield tag="020" ind1=" " ind2=" ">
         <subfield code="a">9789997309143</subfield>
         <subfield code="q">(v.2)</subfield>
      </datafield>
      <datafield tag="020" ind1=" " ind2=" ">
         <subfield code="a">9997309146</subfield>
         <subfield code="q">(v.2)</subfield>
      </datafield>
      <datafield tag="020" ind1=" " ind2=" ">
         <subfield code="a">9789997309587</subfield>
         <subfield code="q">(v.3)</subfield>
      </datafield>
      <datafield tag="020" ind1=" " ind2=" ">
         <subfield code="a">9997309588</subfield>
         <subfield code="q">(v.3)</subfield>
      </datafield>
      <datafield tag="020" ind1=" " ind2=" ">
         <subfield code="a">9789997309570</subfield>
         <subfield code="q">(v.4)</subfield>
      </datafield>
      <datafield tag="020" ind1=" " ind2=" ">
         <subfield code="a">999730957X</subfield>
         <subfield code="q">(v.4)</subfield>
      </datafield>
      <datafield tag="020" ind1=" " ind2=" ">
         <subfield code="a">9789997309556</subfield>
         <subfield code="q">(v.5)</subfield>
      </datafield>
      <datafield tag="020" ind1=" " ind2=" ">
         <subfield code="a">9997309553</subfield>
         <subfield code="q">(v.5)</subfield>
      </datafield>
      <datafield tag="020" ind1=" " ind2=" ">
         <subfield code="a">9789997309594</subfield>
         <subfield code="q">(v.6)</subfield>
      </datafield>
      <datafield tag="020" ind1=" " ind2=" ">
         <subfield code="a">9997309596</subfield>
         <subfield code="q">(v.6)</subfield>
      </datafield>
      <datafield tag="020" ind1=" " ind2=" ">
         <subfield code="a">9789997342751 (v. 7)</subfield>
      </datafield>
      <datafield tag="020" ind1=" " ind2=" ">
         <subfield code="a">9997342755 (v. 7)</subfield>
      </datafield>
      <datafield tag="035" ind1=" " ind2=" ">
         <subfield code="a">(OCoLC)982490281</subfield>
      </datafield>
      <datafield tag="040" ind1=" " ind2=" ">
         <subfield code="a">PUL</subfield>
         <subfield code="b">eng</subfield>
         <subfield code="e">rda</subfield>
         <subfield code="c">PUL</subfield>
         <subfield code="d">OCLCO</subfield>
         <subfield code="d">OCLCF</subfield>
         <subfield code="d">XFF</subfield>
         <subfield code="d">PAU</subfield>
         <subfield code="d">ZYU</subfield>
      </datafield>
      <datafield tag="041" ind1="1" ind2=" ">
         <subfield code="a">mon</subfield>
         <subfield code="a">eng</subfield>
         <subfield code="h">mon</subfield>
      </datafield>
      <datafield tag="043" ind1=" " ind2=" ">
         <subfield code="a">a-mp---</subfield>
      </datafield>
      <datafield tag="050" ind1=" " ind2="4">
         <subfield code="a">DS798.3</subfield>
         <subfield code="b">.M676 2016</subfield>
      </datafield>
      <datafield tag="050" ind1=" " ind2="4">
         <subfield code="a">DS798.3</subfield>
         <subfield code="b">.M663 2016</subfield>
      </datafield>
      <datafield tag="079" ind1=" " ind2=" ">
         <subfield code="a">(OCoLC)982490281</subfield>
      </datafield>
      <datafield tag="245" ind1="0" ind2="0">
         <subfield code="6">880-01</subfield>
         <subfield code="a">Mongolyn arkheologiĭn ȯv /</subfield>
         <subfield code="c">erȯnkhiĭ redaktor, Sampildondovyn CHULUUN, Damdinsu̇rėngiĭn T͡SĖVĖĖNDORZH = Archaeological relics of Mongolia / Editor-in-chief, Sampildondov CHULUUN, Damdinsuren TSEVEENDORJ..</subfield>
      </datafield>
      <datafield tag="246" ind1="1" ind2="1">
         <subfield code="a">Archaeological relics of Mongolia</subfield>
      </datafield>
      <datafield tag="264" ind1=" " ind2="1">
         <subfield code="6">880-02</subfield>
         <subfield code="a">Ulaanbaatar :</subfield>
         <subfield code="b">Mongol Ulsyn Shinzhlėkh Ukhaany Akademi,</subfield>
         <subfield code="c">2016.</subfield>
      </datafield>
      <datafield tag="300" ind1=" " ind2=" ">
         <subfield code="a">6 volumes :</subfield>
         <subfield code="b">chiefly color illustrations, color maps ;</subfield>
         <subfield code="c">29 cm</subfield>
      </datafield>
      <datafield tag="336" ind1=" " ind2=" ">
         <subfield code="a">text</subfield>
         <subfield code="b">txt</subfield>
         <subfield code="2">rdacontent</subfield>
      </datafield>
      <datafield tag="336" ind1=" " ind2=" ">
         <subfield code="a">still image</subfield>
         <subfield code="b">sti</subfield>
         <subfield code="2">rdacontent</subfield>
      </datafield>
      <datafield tag="337" ind1=" " ind2=" ">
         <subfield code="a">unmediated</subfield>
         <subfield code="b">n</subfield>
         <subfield code="2">rdamedia</subfield>
      </datafield>
      <datafield tag="338" ind1=" " ind2=" ">
         <subfield code="a">volume</subfield>
         <subfield code="b">nc</subfield>
         <subfield code="2">rdacarrier</subfield>
      </datafield>
      <datafield tag="546" ind1=" " ind2=" ">
         <subfield code="a">Text in Mongolian</subfield>
         <subfield code="b">(Cyrillic) with English translation.</subfield>
      </datafield>
      <datafield tag="500" ind1=" " ind2=" ">
         <subfield code="6">880-03</subfield>
         <subfield code="a">At head of title: Mongol Ulsyn Shinzhlėkh Ukhaany Akademi, Tu̇u̇kh, Arkheologiĭn Khu̇rėėlėn = Mongolian Academy of Sciences, Institute of History and Archaeology.</subfield>
      </datafield>
      <datafield tag="504" ind1=" " ind2=" ">
         <subfield code="a">Includes bibliographical references.</subfield>
      </datafield>
      <datafield tag="505" ind1="0" ind2="0">
         <subfield code="6">880-04</subfield>
         <subfield code="g">I.</subfield>
         <subfield code="t">Mongolyn chuluun zėvsėg =</subfield>
         <subfield code="t">Stone tools of Mongolia --</subfield>
         <subfield code="g">II.</subfield>
         <subfield code="t">Mongolyn bugan khȯshȯȯ =</subfield>
         <subfield code="t">Deer stones of Mongolia --</subfield>
         <subfield code="g">III.</subfield>
         <subfield code="t">Mongolyn ėrtniĭ bulsh, orshuulga =</subfield>
         <subfield code="t">Ancient funeral monuments of Mongolia --</subfield>
         <subfield code="g">IV.</subfield>
         <subfield code="t">Mongolyn khadny zurag =</subfield>
         <subfield code="t">Rock art of Mongolia --</subfield>
         <subfield code="g">V.</subfield>
         <subfield code="t">Mongolyn khu̇n chu̇lu̇u̇ =</subfield>
         <subfield code="t">Stone statues of Mongolia. --</subfield>
         <subfield code="g">VI.</subfield>
         <subfield code="t">Mongolyn ėrtniĭ shavar sav =</subfield>
         <subfield code="t">Ancient ceramic potteries of Mongolia --</subfield>
         <subfield code="g">VII.</subfield>
         <subfield code="t">Ėrtniĭ nu̇u̇dėlchdiĭn urlagiĭn dursgal =</subfield>
         <subfield code="t">Cultural monuments of ancient nomads.</subfield>
      </datafield>
      <datafield tag="651" ind1=" " ind2="0">
         <subfield code="a">Mongolia</subfield>
         <subfield code="x">Antiquities.</subfield>
      </datafield>
      <datafield tag="650" ind1=" " ind2="0">
         <subfield code="a">Excavations (Archaeology)</subfield>
         <subfield code="z">Mongolia.</subfield>
      </datafield>
      <datafield tag="650" ind1=" " ind2="7">
         <subfield code="a">Antiquities.</subfield>
         <subfield code="2">fast</subfield>
         <subfield code="0">(OCoLC)fst00810745</subfield>
      </datafield>
      <datafield tag="650" ind1=" " ind2="7">
         <subfield code="a">Excavations (Archaeology)</subfield>
         <subfield code="2">fast</subfield>
         <subfield code="0">(OCoLC)fst00917564</subfield>
      </datafield>
      <datafield tag="651" ind1=" " ind2="7">
         <subfield code="a">Mongolia.</subfield>
         <subfield code="2">fast</subfield>
         <subfield code="0">(OCoLC)fst01208752</subfield>
      </datafield>
      <datafield tag="700" ind1="0" ind2=" ">
         <subfield code="6">880-05</subfield>
         <subfield code="a">Chuluun, S.</subfield>
         <subfield code="q">(Sampildondovyn),</subfield>
         <subfield code="c">Khar Aduutan,</subfield>
         <subfield code="e">editor.</subfield>
      </datafield>
      <datafield tag="700" ind1="0" ind2=" ">
         <subfield code="6">880-06</subfield>
         <subfield code="a">T͡Sėvėėndorzh, D.</subfield>
         <subfield code="q">(Damdinsu̇rėngiĭn),</subfield>
         <subfield code="d">1949-</subfield>
         <subfield code="e">editor.</subfield>
      </datafield>
      <datafield tag="880" ind1="0" ind2="0">
         <subfield code="6">245-01/</subfield>
         <subfield code="a">Монголын археологийн өв /</subfield>
         <subfield code="c">ерөнхий редактор, Сампилдондовын ЧУЛУУН, Дамдинсүрэнгийн ЦЭВЭЭНДОРЖ = Archaeological relics of Mongolia / Editor-in-chief, Sampildondov CHULUUN, Damdinsuren TSEVEENDORJ..</subfield>
      </datafield>
      <datafield tag="880" ind1=" " ind2="1">
         <subfield code="6">264-02/</subfield>
         <subfield code="a">Улаанбаатар :</subfield>
         <subfield code="b">Монгол Улсын Шинжлэх Ухааны Академи,</subfield>
         <subfield code="c">2016.</subfield>
      </datafield>
      <datafield tag="880" ind1=" " ind2=" ">
         <subfield code="6">500-03/</subfield>
         <subfield code="a">At head of title: Монгол Улсын Шинжлэх Ухааны Академи, Түүх, Археологийн Хүрээлэн = Mongolian Academy of Sciences, Institute of History and Archaeology.</subfield>
      </datafield>
      <datafield tag="880" ind1="0" ind2="0">
         <subfield code="6">505-04/</subfield>
         <subfield code="g">I.</subfield>
         <subfield code="t">Монголын чулуун зэвсэг =</subfield>
         <subfield code="t">Stone tools of Mongolia --</subfield>
         <subfield code="g">II.</subfield>
         <subfield code="t">Монголын буган хөшөө =</subfield>
         <subfield code="t">Deer stones of Mongolia --</subfield>
         <subfield code="g">III.</subfield>
         <subfield code="t">Монголын эртний булш, оршуулга =</subfield>
         <subfield code="t">Ancient funeral monuments of Mongolia --</subfield>
         <subfield code="g">IV.</subfield>
         <subfield code="t">Монголын хадны зураг =</subfield>
         <subfield code="t">Rock art of Mongolia --</subfield>
         <subfield code="g">V.</subfield>
         <subfield code="t">Монголын хүн чулуу =</subfield>
         <subfield code="t">Stone statues of Mongolia. --</subfield>
         <subfield code="g">VI.</subfield>
         <subfield code="t">Монголын эртний шавар сав =</subfield>
         <subfield code="t">Ancient ceramic potteries of Mongolia --</subfield>
         <subfield code="g">VII.</subfield>
         <subfield code="t">Эртний нүүдэлчдийн урлагийн дурсгал =</subfield>
         <subfield code="t">Cultural monuments of ancient nomads.</subfield>
      </datafield>
      <datafield tag="880" ind1="0" ind2=" ">
         <subfield code="6">700-05/</subfield>
         <subfield code="a">Чулуун, С.</subfield>
         <subfield code="q">(Сампилдондовын),</subfield>
         <subfield code="c">Хар Адуутан,</subfield>
         <subfield code="e">editor.</subfield>
      </datafield>
      <datafield tag="880" ind1="0" ind2=" ">
         <subfield code="6">700-06/</subfield>
         <subfield code="a">Цэвээндорж, Д.</subfield>
         <subfield code="q">(Дамдинсүрэнгийн),</subfield>
         <subfield code="d">1949-</subfield>
         <subfield code="e">editor.</subfield>
      </datafield>
      <datafield tag="994" ind1=" " ind2=" ">
         <subfield code="a">Z0</subfield>
         <subfield code="b">ZYU</subfield>
      </datafield>
      <datafield tag="OWN" ind1=" " ind2=" ">
         <subfield code="a">GENERAL</subfield>
      </datafield>
      <datafield tag="AVA" ind1=" " ind2=" ">
         <subfield code="a">NYU50</subfield>
         <subfield code="b">NISAW</subfield>
         <subfield code="c">Large Collection</subfield>
         <subfield code="d">DS798.3 .M676 2016 Non-circulating</subfield>
         <subfield code="e">available</subfield>
         <subfield code="t">Available</subfield>
         <subfield code="f">6</subfield>
         <subfield code="g">0</subfield>
         <subfield code="h">Y</subfield>
         <subfield code="i">0</subfield>
         <subfield code="j">LARGE</subfield>
         <subfield code="k">0</subfield>
      </datafield>
      <marc:datafield tag="852" ind1=" " ind2=" ">
         <marc:subfield code="b">Institute for the Study of the Ancient World, </marc:subfield>
         <marc:subfield code="c">Large Collection</marc:subfield>
         <marc:subfield code="e">15 East 84th St., </marc:subfield>
         <marc:subfield code="e">New York, NY  10028</marc:subfield>
      </marc:datafield>
   </record>