
  
  
  
  
  
  
  
  
  
 
  
  <record xsi:schemaLocation="http://www.loc.gov/MARC21/slim http://www.loc.gov/standards/marcxml/schema/MARC21slim.xsd">
      <leader>00000cam a22     Ii 4500</leader>
      <controlfield tag="FMT">BK</controlfield>
      <controlfield tag="LDR">00000cam a22     Ii 4500</controlfield>
      <controlfield tag="001">005893032</controlfield>
      <controlfield tag="005">20171107140613.0</controlfield>
      <controlfield tag="008">171025s2017    gw a     b    001 0 eng d</controlfield>
      <datafield tag="020" ind1=" " ind2=" ">
         <subfield code="a">9783868351835</subfield>
         <subfield code="q">(hbk.)</subfield>
      </datafield>
      <datafield tag="020" ind1=" " ind2=" ">
         <subfield code="a">3868351833</subfield>
         <subfield code="q">(hbk.)</subfield>
      </datafield>
      <datafield tag="024" ind1="3" ind2=" ">
         <subfield code="a">9783868351835</subfield>
      </datafield>
      <datafield tag="035" ind1=" " ind2=" ">
         <subfield code="a">(OCoLC)1003286538</subfield>
      </datafield>
      <datafield tag="040" ind1=" " ind2=" ">
         <subfield code="a">OHX</subfield>
         <subfield code="b">eng</subfield>
         <subfield code="e">rda</subfield>
         <subfield code="c">OHX</subfield>
         <subfield code="d">ISB</subfield>
         <subfield code="d">MBB</subfield>
         <subfield code="d">PTS</subfield>
         <subfield code="d">ZYU</subfield>
      </datafield>
      <datafield tag="050" ind1=" " ind2="4">
         <subfield code="a">PJ4150.A1</subfield>
         <subfield code="b">O4 2017</subfield>
      </datafield>
      <datafield tag="072" ind1=" " ind2="7">
         <subfield code="a">PJ</subfield>
         <subfield code="2">lcco</subfield>
      </datafield>
      <datafield tag="079" ind1=" " ind2=" ">
         <subfield code="a">(OCoLC)1003286538</subfield>
      </datafield>
      <datafield tag="100" ind1="1" ind2=" ">
         <subfield code="a">Olmo Lete, Gregorio del,</subfield>
         <subfield code="e">author.</subfield>
      </datafield>
      <datafield tag="245" ind1="1" ind2="0">
         <subfield code="a">Studies in Ugaritic linguistics :</subfield>
         <subfield code="b">selected papers /</subfield>
         <subfield code="c">Gregorio del Olmo Lete.</subfield>
      </datafield>
      <datafield tag="264" ind1=" " ind2="1">
         <subfield code="a">Münster :</subfield>
         <subfield code="b">Ugarit-Verlag,</subfield>
         <subfield code="c">©2017.</subfield>
      </datafield>
      <datafield tag="300" ind1=" " ind2=" ">
         <subfield code="a">viii, 502 pages :</subfield>
         <subfield code="b">illustrations ;</subfield>
         <subfield code="c">25 cm.</subfield>
      </datafield>
      <datafield tag="336" ind1=" " ind2=" ">
         <subfield code="a">text</subfield>
         <subfield code="b">txt</subfield>
         <subfield code="2">rdacontent</subfield>
      </datafield>
      <datafield tag="337" ind1=" " ind2=" ">
         <subfield code="a">unmediated</subfield>
         <subfield code="b">n</subfield>
         <subfield code="2">rdamedia</subfield>
      </datafield>
      <datafield tag="338" ind1=" " ind2=" ">
         <subfield code="a">volume</subfield>
         <subfield code="b">nc</subfield>
         <subfield code="2">rdacarrier</subfield>
      </datafield>
      <datafield tag="490" ind1="1" ind2=" ">
         <subfield code="a">Alter Orient und Altes Testament,</subfield>
         <subfield code="x">0931-4296 ;</subfield>
         <subfield code="v">Band 432</subfield>
      </datafield>
      <datafield tag="500" ind1=" " ind2=" ">
         <subfield code="a">Collection of texts published previously.</subfield>
      </datafield>
      <datafield tag="504" ind1=" " ind2=" ">
         <subfield code="a">Includes bibliographical references and indexes.</subfield>
      </datafield>
      <datafield tag="505" ind1="0" ind2="0">
         <subfield code="t">Current State of Ugaritic Studies The International Group forComparative Semitics--</subfield>
         <subfield code="t">Lexicography:</subfield>
         <subfield code="t">A New Ugaritic Dictionary --</subfield>
         <subfield code="t">An Etymological and Comparative Semitic Dictionary--</subfield>
         <subfield code="t">Lexicographie ougaritique--</subfield>
         <subfield code="t">The Alphabetic Sequence of an Ugaritic Dictionary--</subfield>
         <subfield code="t">Nominal Vowel Alternation and Apophony in Ugaritic--</subfield>
         <subfield code="t">The Sacrificial Vocabulary at Ugarit--</subfield>
         <subfield code="t">Sheep and Goats at Ugarit--</subfield>
         <subfield code="t">Notes on Ugaritic Semantics I--</subfield>
         <subfield code="t">Notes on Ugaritic Semantics II--</subfield>
         <subfield code="t">Notes on Ugaritic Semantics III--</subfield>
         <subfield code="t">Notes on Ugaritic Semantics IV--</subfield>
         <subfield code="t">Notes on Ugaritic Semantics V--</subfield>
         <subfield code="t">ḪALMA of Emar and ĠLMT of Ugarit --</subfield>
         <subfield code="t">Ugaritic nḥl and udbr--</subfield>
         <subfield code="t">âru, Ug. *yry (II),"aller, marcher" (?)--</subfield>
         <subfield code="t">dġ anṣ, KTU 6.105 [RS 96.2042]: 2--</subfield>
         <subfield code="t">The Word Pair šbm // mdnt (KTU 1.33 II 15)--</subfield>
         <subfield code="t">Môtu and Baʿlu at Work 2 --</subfield>
         <subfield code="t">The Use of the Infinitive in Sequential Constructions in Ugaritic --</subfield>
         <subfield code="t">Texts: --</subfield>
         <subfield code="t">Le mythe de la vierge-mère ʿAnatu--</subfield>
         <subfield code="t">Aṭiratu's Entreaty and the Order of the Ugaritic Tablets KTU 1.3/4--</subfield>
         <subfield code="t">The Divine Panoply (KTU 1.65:12?14)--</subfield>
         <subfield code="t">Rašpu-Mars, the Red Planet--</subfield>
         <subfield code="t">KTU 1.83: An Astro-mythological Text? --</subfield>
         <subfield code="t">Kultisches in den keilalphabetischen Verwaltungsund Wirtschaftstexten aus Ugarit--</subfield>
         <subfield code="t">The Offering Lists and the God Lists--</subfield>
         <subfield code="t">Drei ugaritische Briefe--</subfield>
         <subfield code="t">The Marzeaḥ and the Ugaritic Magic Ritual System--</subfield>
         <subfield code="t">Ps. 68: A Composite Canaanite-Yahwistic Celebration of Israel's God--</subfield>
         <subfield code="t">Ps. 68:14, šepattāyim 371--</subfield>
         <subfield code="t">Themes: --</subfield>
         <subfield code="t">The Cultic Literature of Ugarit--</subfield>
         <subfield code="t">Typologie et syntaxe des rituels ugaritiques--</subfield>
         <subfield code="t">The 'Divine' Names of the Ugaritic Kings--</subfield>
         <subfield code="t">Royal Aspects of the Ugaritic Cult--</subfield>
         <subfield code="t">From Baal to Yahweh Littérature et pouvoir royal à Ougarit --</subfield>
         <subfield code="t">Phoenician Appendix:--</subfield>
         <subfield code="t">Les inscriptions puniques votives --</subfield>
         <subfield code="t">Phén. ʿrpt, ac. urpatu(m) et le groupe lexical /ʿ:ġ-r-b:p/ 4 --</subfield>
         <subfield code="t">KTMW and His 'Funerary Chapel'.</subfield>
      </datafield>
      <datafield tag="650" ind1=" " ind2="0">
         <subfield code="a">Ugaritic philology.</subfield>
      </datafield>
      <datafield tag="650" ind1=" " ind2="0">
         <subfield code="a">Ugaritic language.</subfield>
      </datafield>
      <datafield tag="650" ind1=" " ind2="0">
         <subfield code="a">Mythology, Ugaritic.</subfield>
      </datafield>
      <datafield tag="650" ind1=" " ind2="0">
         <subfield code="a">Religious literature, Ugaritic.</subfield>
      </datafield>
      <datafield tag="651" ind1=" " ind2="7">
         <subfield code="a">Leukos Limen.</subfield>
         <subfield code="2">pleiades</subfield>
         <subfield code="0">https://pleiades.stoa.org/places/668295</subfield>
      </datafield>
      <datafield tag="830" ind1=" " ind2="0">
         <subfield code="a">Alter Orient und Altes Testament ;</subfield>
         <subfield code="v">Band 432.</subfield>
         <subfield code="x">0931-4296</subfield>
      </datafield>
      <datafield tag="OWN" ind1=" " ind2=" ">
         <subfield code="a">GENERAL</subfield>
      </datafield>
      <datafield tag="AVA" ind1=" " ind2=" ">
         <subfield code="a">NYU50</subfield>
         <subfield code="b">NISAW</subfield>
         <subfield code="c">Small Collection</subfield>
         <subfield code="d">PJ4150.A1 O4 2017 Non-circulating</subfield>
         <subfield code="e">available</subfield>
         <subfield code="t">Available</subfield>
         <subfield code="f">1</subfield>
         <subfield code="g">0</subfield>
         <subfield code="h">N</subfield>
         <subfield code="i">0</subfield>
         <subfield code="j">SMALL</subfield>
         <subfield code="k">0</subfield>
      </datafield>
      <marc:datafield tag="852" ind1=" " ind2=" ">
         <marc:subfield code="b">Institute for the Study of the Ancient World, </marc:subfield>
         <marc:subfield code="c">Small Collection</marc:subfield>
         <marc:subfield code="e">15 East 84th St., </marc:subfield>
         <marc:subfield code="e">New York, NY  10028</marc:subfield>
      </marc:datafield>
   </record>