
  
  
  
  
  
  
  
  
 
  
  <record xsi:schemaLocation="http://www.loc.gov/MARC21/slim http://www.loc.gov/standards/marcxml/schema/MARC21slim.xsd">
      <leader>00000cam a2200649Ii 4500</leader>
      <controlfield tag="FMT">BK</controlfield>
      <controlfield tag="LDR">00000cam a2200649Ii 4500</controlfield>
      <controlfield tag="001">005893235</controlfield>
      <controlfield tag="003">OCoLC</controlfield>
      <controlfield tag="005">20171026233438.0</controlfield>
      <controlfield tag="008">171026s2016    mp ab    b    000 0 mon d</controlfield>
      <datafield tag="020" ind1=" " ind2=" ">
         <subfield code="a">9789997308764</subfield>
      </datafield>
      <datafield tag="020" ind1=" " ind2=" ">
         <subfield code="a">999730876X</subfield>
      </datafield>
      <datafield tag="035" ind1=" " ind2=" ">
         <subfield code="a">(OCoLC)960391444</subfield>
      </datafield>
      <datafield tag="040" ind1=" " ind2=" ">
         <subfield code="a">XFF</subfield>
         <subfield code="b">eng</subfield>
         <subfield code="e">rda</subfield>
         <subfield code="c">XFF</subfield>
         <subfield code="d">OCLCF</subfield>
         <subfield code="d">XFF</subfield>
         <subfield code="d">PAU</subfield>
         <subfield code="d">ZYU</subfield>
      </datafield>
      <datafield tag="041" ind1=" " ind2=" ">
         <subfield code="a">mon</subfield>
         <subfield code="a">ger</subfield>
         <subfield code="h">mon</subfield>
      </datafield>
      <datafield tag="043" ind1=" " ind2=" ">
         <subfield code="a">a-mp---</subfield>
      </datafield>
      <datafield tag="050" ind1=" " ind2="4">
         <subfield code="a">GN780.2.P39</subfield>
         <subfield code="b">M665 2016</subfield>
      </datafield>
      <datafield tag="079" ind1=" " ind2=" ">
         <subfield code="a">(OCoLC)960391444</subfield>
      </datafield>
      <datafield tag="245" ind1="0" ind2="0">
         <subfield code="6">880-01</subfield>
         <subfield code="a">Mongol Altaĭn mȯnkh t͡sėvdgiĭn bulsh :</subfield>
         <subfield code="b">Mongolyn Pazyrykiĭn soël /</subfield>
         <subfield code="c">REDAKTOR: T͡S. Tȯrbat, D. T͡Sėvėėndorzh = Eiskurgan des Mongolischen Altaj : Pazyryk Kultur der Mongolei / Herausgeber: Ts. Turbat, D. Tseveendorj.</subfield>
      </datafield>
      <datafield tag="246" ind1="3" ind2="1">
         <subfield code="a">Eiskurgan des Mongolischen Altaj :</subfield>
         <subfield code="b">Pazyryk Kultur der Mongolei</subfield>
      </datafield>
      <datafield tag="246" ind1="3" ind2="0">
         <subfield code="6">880-02</subfield>
         <subfield code="a">Mongolyn Pazyrykiĭn soël</subfield>
      </datafield>
      <datafield tag="246" ind1="3" ind2="0">
         <subfield code="a">Pazyryk Kultur der Mongolei</subfield>
      </datafield>
      <datafield tag="246" ind1="1" ind2="8">
         <subfield code="a">Mongġol Altai-yin arkeologi-yin durasqal-ud</subfield>
      </datafield>
      <datafield tag="246" ind1="1" ind2=" ">
         <subfield code="i">Title in English on p. [4] of cover:</subfield>
         <subfield code="a">Archaeological monuments of Mongol Altai</subfield>
      </datafield>
      <datafield tag="264" ind1=" " ind2="1">
         <subfield code="6">880-03</subfield>
         <subfield code="a">Ulaanbaatar :</subfield>
         <subfield code="b">Khėvlėliĭn "Admon" Kompani,</subfield>
         <subfield code="c">2016.</subfield>
      </datafield>
      <datafield tag="300" ind1=" " ind2=" ">
         <subfield code="a">136 pages :</subfield>
         <subfield code="b">illustrations (chiefly color), color map ;</subfield>
         <subfield code="c">29 cm</subfield>
      </datafield>
      <datafield tag="336" ind1=" " ind2=" ">
         <subfield code="a">text</subfield>
         <subfield code="b">txt</subfield>
         <subfield code="2">rdacontent</subfield>
      </datafield>
      <datafield tag="336" ind1=" " ind2=" ">
         <subfield code="a">still image</subfield>
         <subfield code="b">sti</subfield>
         <subfield code="2">rdacontent</subfield>
      </datafield>
      <datafield tag="337" ind1=" " ind2=" ">
         <subfield code="a">unmediated</subfield>
         <subfield code="b">n</subfield>
         <subfield code="2">rdamedia</subfield>
      </datafield>
      <datafield tag="338" ind1=" " ind2=" ">
         <subfield code="a">volume</subfield>
         <subfield code="b">nc</subfield>
         <subfield code="2">rdacarrier</subfield>
      </datafield>
      <datafield tag="546" ind1=" " ind2=" ">
         <subfield code="a">Mongolian</subfield>
         <subfield code="b">Cyrillic and German.</subfield>
      </datafield>
      <datafield tag="500" ind1=" " ind2=" ">
         <subfield code="a">Exhibition catalog, ShUA-iĭn Tu̇u̇kh, Arkheologiĭn Khu̇rėėlėn, Ulaanbaatar, Mongolia, 2016.</subfield>
      </datafield>
      <datafield tag="504" ind1=" " ind2=" ">
         <subfield code="a">Includes bibliographical references (pages 131-133).</subfield>
      </datafield>
      <datafield tag="505" ind1="0" ind2="0">
         <subfield code="6">880-04</subfield>
         <subfield code="t">Evraziĭn tal nutag dakh' Skifiĭn u̇eiĭn mor'ton nu̇u̇dėlchid =</subfield>
         <subfield code="t">Die Reiternomaden der Skythenzeit in der Eurasischen Steppe /</subfield>
         <subfield code="r">G. Part͡singer =</subfield>
         <subfield code="r">H. Parzinger --</subfield>
         <subfield code="t">Pazyrykiĭn soëlyn u̇ndsėn oĭlgolt =</subfield>
         <subfield code="t">Überblick zur Pazyryk-Kultur /</subfield>
         <subfield code="r">T͡S. Tȯrbat =</subfield>
         <subfield code="r">TS. Turbat --</subfield>
         <subfield code="t">Olon Gu̇u̇riĭn golyn daĭchny bulsh =</subfield>
         <subfield code="t">Das Kriegergrab von Olon-Kuriin-Gol /</subfield>
         <subfield code="r">V.I. Molodin, G. Part͡singer, D. T͡Sėvėėndorzh =</subfield>
         <subfield code="r">V.I. Molodin, H. Parzinger und D. Tseveendorj --</subfield>
         <subfield code="t">Mongolyn Pazyrykiĭn bulshnuud =</subfield>
         <subfield code="t">Die Pazyryk Gräben in der Mongolei /</subfield>
         <subfield code="r">D. Batsu̇kh =</subfield>
         <subfield code="r">D. Batsukh --</subfield>
         <subfield code="t">Mongol Altaĭn Pazyrykiĭn soëlt ėrtniĭ nu̇u̇dėlchdiĭn zėr zėvsėg =</subfield>
         <subfield code="t">Waffen der antiken Nomade, träger der Pazyryk-Kultur im Mongolischen Altaij /</subfield>
         <subfield code="r">N. Ėrdėnė-Ochir, D. Batsu̇kh =</subfield>
         <subfield code="r">N. Erdene-Ochir und D. Batsukh --</subfield>
         <subfield code="t">Pazyrykiĭn soëlyn khadny zurag =</subfield>
         <subfield code="t">Felsbilder aus der Pazyryk-Kultur /</subfield>
         <subfield code="r">D. T͡Sėvėėndorzh, T͡S. Tȯrbat =</subfield>
         <subfield code="r">D. Tseveendorj und TS. Turbat.</subfield>
      </datafield>
      <datafield tag="650" ind1=" " ind2="0">
         <subfield code="a">Pazyryk culture</subfield>
         <subfield code="z">Mongolia</subfield>
         <subfield code="z">Bai͡an-Ȯlgiĭ Aĭmag</subfield>
         <subfield code="v">Catalogs.</subfield>
      </datafield>
      <datafield tag="650" ind1=" " ind2="0">
         <subfield code="a">Pazyryk culture</subfield>
         <subfield code="v">Catalogs.</subfield>
      </datafield>
      <datafield tag="650" ind1=" " ind2="0">
         <subfield code="a">Excavations (Archaeology)</subfield>
         <subfield code="z">Mongolia</subfield>
         <subfield code="z">Bai͡an-Ȯlgiĭ Aĭmag</subfield>
         <subfield code="v">Catalogs.</subfield>
      </datafield>
      <datafield tag="650" ind1=" " ind2="0">
         <subfield code="a">Grave goods</subfield>
         <subfield code="z">Mongolia</subfield>
         <subfield code="z">Bai͡an-Ȯlgiĭ Aĭmag</subfield>
         <subfield code="v">Catalogs.</subfield>
      </datafield>
      <datafield tag="650" ind1=" " ind2="0">
         <subfield code="a">Iron age</subfield>
         <subfield code="z">Mongolia</subfield>
         <subfield code="z">Bai͡an-Ȯlgiĭ Aĭmag</subfield>
         <subfield code="v">Catalogs.</subfield>
      </datafield>
      <datafield tag="651" ind1=" " ind2="0">
         <subfield code="a">Bai͡an-Ȯlgiĭ Aĭmag (Mongolia)</subfield>
         <subfield code="x">Antiquities</subfield>
         <subfield code="x">Catalogs.</subfield>
      </datafield>
      <datafield tag="650" ind1=" " ind2="7">
         <subfield code="a">Antiquities.</subfield>
         <subfield code="2">fast</subfield>
         <subfield code="0">(OCoLC)fst00810745</subfield>
      </datafield>
      <datafield tag="650" ind1=" " ind2="7">
         <subfield code="a">Excavations (Archaeology)</subfield>
         <subfield code="2">fast</subfield>
         <subfield code="0">(OCoLC)fst00917564</subfield>
      </datafield>
      <datafield tag="650" ind1=" " ind2="7">
         <subfield code="a">Grave goods.</subfield>
         <subfield code="2">fast</subfield>
         <subfield code="0">(OCoLC)fst00946842</subfield>
      </datafield>
      <datafield tag="650" ind1=" " ind2="7">
         <subfield code="a">Iron age.</subfield>
         <subfield code="2">fast</subfield>
         <subfield code="0">(OCoLC)fst00979145</subfield>
      </datafield>
      <datafield tag="650" ind1=" " ind2="7">
         <subfield code="a">Pazyryk culture.</subfield>
         <subfield code="2">fast</subfield>
         <subfield code="0">(OCoLC)fst01055740</subfield>
      </datafield>
      <datafield tag="651" ind1=" " ind2="7">
         <subfield code="a">Mongolia</subfield>
         <subfield code="z">Bai͡an-Ȯlgiĭ Aĭmag.</subfield>
         <subfield code="2">fast</subfield>
         <subfield code="0">(OCoLC)fst01253563</subfield>
      </datafield>
      <datafield tag="655" ind1=" " ind2="7">
         <subfield code="a">Catalogs.</subfield>
         <subfield code="2">fast</subfield>
         <subfield code="0">(OCoLC)fst01423692</subfield>
      </datafield>
      <datafield tag="700" ind1="0" ind2=" ">
         <subfield code="6">880-05</subfield>
         <subfield code="a">Tȯrbat, T͡S.</subfield>
         <subfield code="q">(T͡Sagaany),</subfield>
         <subfield code="e">editor.</subfield>
      </datafield>
      <datafield tag="700" ind1="0" ind2=" ">
         <subfield code="6">880-06</subfield>
         <subfield code="a">T͡Sėvėėndorzh, D.</subfield>
         <subfield code="q">(Damdinsu̇rėngiĭn),</subfield>
         <subfield code="d">1949-</subfield>
         <subfield code="e">editor.</subfield>
      </datafield>
      <datafield tag="710" ind1="2" ind2=" ">
         <subfield code="6">880-07</subfield>
         <subfield code="a">Tu̇u̇kh, Arkheologiĭn Khu̇rėėlėn (Mongolyn Shinzhlėkh Ukhaany Akademi),</subfield>
         <subfield code="e">issuing body.</subfield>
      </datafield>
      <datafield tag="880" ind1="0" ind2="0">
         <subfield code="6">245-01/</subfield>
         <subfield code="a">Монгол Алтайн мөнх цэвдгийн булш :</subfield>
         <subfield code="b">Монголын Пазырыкийн соёл /</subfield>
         <subfield code="c">РЕДАКТОР: Ц. Төрбат, Д. Цэвээндорж = Eiskurgan des Mongolischen Altaj : Pazyryk Kultur der Mongolei / Herausgeber: Ts. Turbat, D. Tseveendorj.</subfield>
      </datafield>
      <datafield tag="880" ind1="3" ind2="0">
         <subfield code="6">246-02/</subfield>
         <subfield code="a">Монголын Пазырыкийн соёл</subfield>
      </datafield>
      <datafield tag="880" ind1=" " ind2="1">
         <subfield code="6">264-03/</subfield>
         <subfield code="a">Улаанбаатар :</subfield>
         <subfield code="b">Хэвлэлийн "Адмон" Компани,</subfield>
         <subfield code="c">2016.</subfield>
      </datafield>
      <datafield tag="880" ind1="0" ind2="0">
         <subfield code="6">505-04/</subfield>
         <subfield code="t">Евразийн тал нутаг дахЬ Скифийн үеийн морЬтон нүүдэлчид =</subfield>
         <subfield code="t">Die Reiternomaden der Skythenzeit in der Eurasischen Steppe /</subfield>
         <subfield code="r">Г. Парцингер =</subfield>
         <subfield code="r">H. Parzinger --</subfield>
         <subfield code="t">Пазырыкийн соёлын үндсэн ойлголт =</subfield>
         <subfield code="t">Überblick zur Pazyryk-Kultur /</subfield>
         <subfield code="r">Ц. Төрбат =</subfield>
         <subfield code="r">TS. Turbat --</subfield>
         <subfield code="t">Олон Гүүрийн голын дайчны булш =</subfield>
         <subfield code="t">Das Kriegergrab von Olon-Kuriin-Gol /</subfield>
         <subfield code="r">В.И. Молодин, Г. Парцингер, Д. Цэвээндорж =</subfield>
         <subfield code="r">V.I. Molodin, H. Parzinger und D. Tseveendorj --</subfield>
         <subfield code="t">Монголын Пазырыкийн булшнууд =</subfield>
         <subfield code="t">Die Pazyryk Gräben in der Mongolei /</subfield>
         <subfield code="r">Д. Батсүх =</subfield>
         <subfield code="r">D. Batsukh --</subfield>
         <subfield code="t">Монгол Алтайн Пазырыкийн соёлт эртний нүүдэлчдийн зэр зэвсэг =</subfield>
         <subfield code="t">Waffen der antiken Nomade, träger der Pazyryk-Kultur im Mongolischen Altaij /</subfield>
         <subfield code="r">Н. Эрдэнэ-Очир, Д. Батсүх =</subfield>
         <subfield code="r">N. Erdene-Ochir und D. Batsukh --</subfield>
         <subfield code="t">Пазырыкийн соёлын хадны зураг =</subfield>
         <subfield code="t">Felsbilder aus der Pazyryk-Kultur /</subfield>
         <subfield code="r">Д. Цэвээндорж, Ц. Төрбат =</subfield>
         <subfield code="r">D. Tseveendorj und TS. Turbat.</subfield>
      </datafield>
      <datafield tag="880" ind1="0" ind2=" ">
         <subfield code="6">700-05/</subfield>
         <subfield code="a">Төрбат, Ц.</subfield>
         <subfield code="q">(Цагааны),</subfield>
         <subfield code="e">editor.</subfield>
      </datafield>
      <datafield tag="880" ind1="0" ind2=" ">
         <subfield code="6">700-06/</subfield>
         <subfield code="a">Цэвээндорж, Д.</subfield>
         <subfield code="q">(Дамдинсүрэнгийн),</subfield>
         <subfield code="d">1949-</subfield>
         <subfield code="e">editor.</subfield>
      </datafield>
      <datafield tag="880" ind1="2" ind2=" ">
         <subfield code="6">710-07/</subfield>
         <subfield code="a">Түүх, Археологийн Хүрээлэн (Монголын Шинжлэх Ухааны Академи),</subfield>
         <subfield code="e">issuing body.</subfield>
      </datafield>
      <datafield tag="994" ind1=" " ind2=" ">
         <subfield code="a">Z0</subfield>
         <subfield code="b">ZYU</subfield>
      </datafield>
      <datafield tag="OWN" ind1=" " ind2=" ">
         <subfield code="a">GENERAL</subfield>
      </datafield>
      <datafield tag="AVA" ind1=" " ind2=" ">
         <subfield code="a">NYU50</subfield>
         <subfield code="b">NISAW</subfield>
         <subfield code="c">Large Collection</subfield>
         <subfield code="d">GN780.2.P39 M665 2016 Non-circulating</subfield>
         <subfield code="e">available</subfield>
         <subfield code="t">Available</subfield>
         <subfield code="f">1</subfield>
         <subfield code="g">0</subfield>
         <subfield code="h">N</subfield>
         <subfield code="i">0</subfield>
         <subfield code="j">LARGE</subfield>
         <subfield code="k">0</subfield>
      </datafield>
      <marc:datafield tag="852" ind1=" " ind2=" ">
         <marc:subfield code="b">Institute for the Study of the Ancient World, </marc:subfield>
         <marc:subfield code="c">Large Collection</marc:subfield>
         <marc:subfield code="e">15 East 84th St., </marc:subfield>
         <marc:subfield code="e">New York, NY  10028</marc:subfield>
      </marc:datafield>
   </record>