
  
  
  
  
  
  
  
  
  
  
  
  
  
  
 
  
  <record xsi:schemaLocation="http://www.loc.gov/MARC21/slim http://www.loc.gov/standards/marcxml/schema/MARC21slim.xsd">
      <leader>00000cam a2200661   4500</leader>
      <controlfield tag="FMT">BK</controlfield>
      <controlfield tag="LDR">00000cam a2200661   4500</controlfield>
      <controlfield tag="001">002638164</controlfield>
      <controlfield tag="003">OCoLC</controlfield>
      <controlfield tag="005">20171029165219.0</controlfield>
      <controlfield tag="008">730424m19729999it       b    000 0 eng</controlfield>
      <datafield tag="010" ind1=" " ind2=" ">
         <subfield code="a">73152317</subfield>
      </datafield>
      <datafield tag="015" ind1=" " ind2=" ">
         <subfield code="a">It72-Dec</subfield>
         <subfield code="q">(v. 1)</subfield>
      </datafield>
      <datafield tag="035" ind1=" " ind2=" ">
         <subfield code="a">(OCoLC)628525</subfield>
         <subfield code="z">(OCoLC)874524530</subfield>
         <subfield code="z">(OCoLC)893686858</subfield>
      </datafield>
      <datafield tag="040" ind1=" " ind2=" ">
         <subfield code="a">DLC</subfield>
         <subfield code="b">eng</subfield>
         <subfield code="c">DLC</subfield>
         <subfield code="d">OCLCQ</subfield>
         <subfield code="d">MUQ</subfield>
         <subfield code="d">NLGGC</subfield>
         <subfield code="d">BTCTA</subfield>
         <subfield code="d">YDXCP</subfield>
         <subfield code="d">NNM</subfield>
         <subfield code="d">RBN</subfield>
         <subfield code="d">EUM</subfield>
         <subfield code="d">OCLCF</subfield>
         <subfield code="d">OCLCA</subfield>
         <subfield code="d">OCLCQ</subfield>
         <subfield code="d">OCL</subfield>
         <subfield code="d">CDS</subfield>
         <subfield code="d">OCLCQ</subfield>
         <subfield code="d">LML</subfield>
         <subfield code="d">JPG</subfield>
         <subfield code="d">ZYU</subfield>
      </datafield>
      <datafield tag="041" ind1="0" ind2=" ">
         <subfield code="a">eng</subfield>
         <subfield code="a">heb</subfield>
         <subfield code="a">uga</subfield>
      </datafield>
      <datafield tag="043" ind1=" " ind2=" ">
         <subfield code="a">a-sy---</subfield>
      </datafield>
      <datafield tag="050" ind1="0" ind2="0">
         <subfield code="a">PJ25</subfield>
         <subfield code="b">.A65 1972</subfield>
      </datafield>
      <datafield tag="079" ind1=" " ind2=" ">
         <subfield code="a">(OCoLC)628525</subfield>
      </datafield>
      <datafield tag="082" ind1="0" ind2="4">
         <subfield code="a">892.6</subfield>
         <subfield code="b">F534r</subfield>
      </datafield>
      <datafield tag="084" ind1=" " ind2=" ">
         <subfield code="a">18.76</subfield>
         <subfield code="2">bcl</subfield>
      </datafield>
      <datafield tag="090" ind1=" " ind2=" ">
         <subfield code="a">PJ25</subfield>
         <subfield code="b">.A65 vol. 49-51</subfield>
         <subfield code="i">08/08/94 T</subfield>
         <subfield code="h">02/01/85 CT</subfield>
         <subfield code="h">04/05/84 CT</subfield>
         <subfield code="h">06/29/83 CT</subfield>
         <subfield code="h">05/16/83 CT</subfield>
         <subfield code="h">04/13/83 CT</subfield>
      </datafield>
      <datafield tag="100" ind1="1" ind2=" ">
         <subfield code="a">Fisher, Loren R.</subfield>
      </datafield>
      <datafield tag="245" ind1="1" ind2="0">
         <subfield code="a">Ras Shamra parallels :</subfield>
         <subfield code="b">the texts from Ugarit and the Hebrew Bible /</subfield>
         <subfield code="c">Loren R. Fisher, editor ; associate editors, F. Brent Knutson and Donn F. Morgan.</subfield>
      </datafield>
      <datafield tag="260" ind1=" " ind2=" ">
         <subfield code="a">Rome,</subfield>
         <subfield code="b">Pontificium institutum biblicum,</subfield>
         <subfield code="c">1972-&lt;1981&gt;</subfield>
      </datafield>
      <datafield tag="300" ind1=" " ind2=" ">
         <subfield code="a">volumes &lt;1-3&gt;</subfield>
         <subfield code="c">29 cm.</subfield>
      </datafield>
      <datafield tag="336" ind1=" " ind2=" ">
         <subfield code="a">text</subfield>
         <subfield code="b">txt</subfield>
         <subfield code="2">rdacontent</subfield>
      </datafield>
      <datafield tag="337" ind1=" " ind2=" ">
         <subfield code="a">unmediated</subfield>
         <subfield code="b">n</subfield>
         <subfield code="2">rdamedia</subfield>
      </datafield>
      <datafield tag="338" ind1=" " ind2=" ">
         <subfield code="a">volume</subfield>
         <subfield code="b">nc</subfield>
         <subfield code="2">rdacarrier</subfield>
      </datafield>
      <datafield tag="490" ind1="1" ind2=" ">
         <subfield code="a">Analecta orientalia,</subfield>
         <subfield code="v">49-&lt;51&gt;</subfield>
      </datafield>
      <datafield tag="500" ind1=" " ind2=" ">
         <subfield code="a">ISAW copy (v.1) is from the library of David I. Owen.</subfield>
         <subfield code="5">NyNyUAW</subfield>
      </datafield>
      <datafield tag="500" ind1=" " ind2=" ">
         <subfield code="a">"Vol. 1: Associate editors F. Brent Knutson and Donn F. Morgan."</subfield>
      </datafield>
      <datafield tag="500" ind1=" " ind2=" ">
         <subfield code="a">"Vol. 2: Associate editors Duane E. Smith and Stan Rummel."</subfield>
      </datafield>
      <datafield tag="500" ind1=" " ind2=" ">
         <subfield code="a">Vols. 3- : Editor, Stan Rummel.</subfield>
      </datafield>
      <datafield tag="504" ind1=" " ind2=" ">
         <subfield code="a">Includes bibliographical references.</subfield>
      </datafield>
      <datafield tag="505" ind1="0" ind2="0">
         <subfield code="g">v. 1.</subfield>
         <subfield code="t">Literary phrases /</subfield>
         <subfield code="r">Antoon Schoors --</subfield>
         <subfield code="t">Ugaritic-Hebrew parallel pairs /</subfield>
         <subfield code="r">Mitchell Dahood ; with the collaboration of Tadeusz Penar --</subfield>
         <subfield code="t">Flora, fauna and minerals /</subfield>
         <subfield code="r">Jack M. Sasson.</subfield>
         <subfield code="g">v. 2.</subfield>
         <subfield code="t">Ugaritic-Hebrew parallel pairs /</subfield>
         <subfield code="r">Mitchell Dahood --</subfield>
         <subfield code="t">Ugaritic-Hebrew parallel pairs supplement /</subfield>
         <subfield code="r">Mitchell Dahood --</subfield>
         <subfield code="t">Professions /</subfield>
         <subfield code="r">Tadanori Yamashita --</subfield>
         <subfield code="t">Institutions: family, civil, and military /</subfield>
         <subfield code="r">Anson F. Rainey --</subfield>
         <subfield code="t">Political and foreign affairs /</subfield>
         <subfield code="r">F. Brent Knutson --</subfield>
         <subfield code="t">Literary genres in the Ugaritic texts /</subfield>
         <subfield code="r">Loren R. Fisher --</subfield>
         <subfield code="t">Literary genres in PRU IV /</subfield>
         <subfield code="r">F. Brent Knutson --</subfield>
         <subfield code="t">Wisdom genres in RS 22.439 /</subfield>
         <subfield code="r">Duane E. Smith --</subfield>
         <subfield code="t">Place names /</subfield>
         <subfield code="r">Michael C. Astour, arranged by Duane E. Smith --</subfield>
         <subfield code="t">Wisdom /</subfield>
         <subfield code="r">John Khanjian --</subfield>
         <subfield code="t">Literary phrases and formulae /</subfield>
         <subfield code="r">F. Brent Knutson.</subfield>
         <subfield code="g">v. 3.</subfield>
         <subfield code="t">Ugaritic-Hebrew parallel pairs /</subfield>
         <subfield code="r">Mitchell Dahood --</subfield>
         <subfield code="t">Ugaritic-Hebrew parallel pairs supplement /</subfield>
         <subfield code="r">Mitchell Dahood --</subfield>
         <subfield code="t">Ugaritic formulae /</subfield>
         <subfield code="r">Richard E. Whitaker --</subfield>
         <subfield code="t">Narrative structures in the Ugaritic texts /</subfield>
         <subfield code="r">Stan Rummel --</subfield>
         <subfield code="t">Divine names and epithets in the Ugaritic texts /</subfield>
         <subfield code="r">Alan Cooper --</subfield>
         <subfield code="t">Divine names and epithets in the Akkadian texts /</subfield>
         <subfield code="r">F. Brent Knutson.</subfield>
      </datafield>
      <datafield tag="650" ind1=" " ind2="0">
         <subfield code="a">Ugaritic literature</subfield>
         <subfield code="x">Relation to the Old Testament.</subfield>
      </datafield>
      <datafield tag="651" ind1=" " ind2="0">
         <subfield code="a">Ugarit (Extinct city)</subfield>
      </datafield>
      <datafield tag="651" ind1=" " ind2="7">
         <subfield code="a">Leukos Limen.</subfield>
         <subfield code="2">pleiades</subfield>
         <subfield code="0">https://pleiades.stoa.org/places/668295</subfield>
      </datafield>
      <datafield tag="630" ind1="0" ind2="4">
         <subfield code="a">Bible.</subfield>
         <subfield code="p">Old Testament.</subfield>
      </datafield>
      <datafield tag="650" ind1=" " ind2="6">
         <subfield code="a">Littérature ougaritique</subfield>
         <subfield code="x">Relation avec l'Ancien Testament.</subfield>
      </datafield>
      <datafield tag="651" ind1=" " ind2="6">
         <subfield code="a">Ougarit (Ville ancienne)</subfield>
      </datafield>
      <datafield tag="650" ind1=" " ind2="7">
         <subfield code="a">Ugaritic literature</subfield>
         <subfield code="x">Relation to the Old Testament.</subfield>
         <subfield code="2">fast</subfield>
         <subfield code="0">(OCoLC)fst01160357</subfield>
      </datafield>
      <datafield tag="651" ind1=" " ind2="7">
         <subfield code="a">Syria</subfield>
         <subfield code="z">Ugarit (Extinct city)</subfield>
         <subfield code="2">fast</subfield>
         <subfield code="0">(OCoLC)fst01896855</subfield>
      </datafield>
      <datafield tag="700" ind1="1" ind2=" ">
         <subfield code="a">Knutson, F. Brent,</subfield>
         <subfield code="e">editor.</subfield>
      </datafield>
      <datafield tag="700" ind1="1" ind2=" ">
         <subfield code="a">Morgan, Donn F.,</subfield>
         <subfield code="e">editor.</subfield>
      </datafield>
      <datafield tag="700" ind1="1" ind2=" ">
         <subfield code="a">Smith, Duane E.,</subfield>
         <subfield code="e">editor.</subfield>
      </datafield>
      <datafield tag="700" ind1="1" ind2=" ">
         <subfield code="a">Rummel, Stan,</subfield>
         <subfield code="e">editor.</subfield>
      </datafield>
      <datafield tag="700" ind1="1" ind2=" ">
         <subfield code="a">Owen, David I.,</subfield>
         <subfield code="e">former owner.</subfield>
         <subfield code="5">NyNyUAW</subfield>
      </datafield>
      <datafield tag="740" ind1="0" ind2=" ">
         <subfield code="a">Owen Collection.</subfield>
         <subfield code="5">NyNyUAW</subfield>
      </datafield>
      <datafield tag="776" ind1="0" ind2="8">
         <subfield code="i">Online version:</subfield>
         <subfield code="a">Fisher, Loren R.</subfield>
         <subfield code="t">Ras Shamra parallels.</subfield>
         <subfield code="d">Rome, Pontificium institutum biblicum, 1972-&lt;1981&gt;</subfield>
         <subfield code="w">(OCoLC)571433595</subfield>
      </datafield>
      <datafield tag="776" ind1="0" ind2="8">
         <subfield code="i">Online version:</subfield>
         <subfield code="a">Fisher, Loren R.</subfield>
         <subfield code="t">Ras Shamra parallels.</subfield>
         <subfield code="d">Rome, Pontificium institutum biblicum, 1972-&lt;1981&gt;</subfield>
         <subfield code="w">(OCoLC)606459723</subfield>
      </datafield>
      <datafield tag="830" ind1=" " ind2="0">
         <subfield code="a">Analecta orientalia ;</subfield>
         <subfield code="v">49-&lt;51&gt;.</subfield>
      </datafield>
      <datafield tag="OWN" ind1=" " ind2=" ">
         <subfield code="a">GENERAL</subfield>
      </datafield>
      <datafield tag="950" ind1=" " ind2=" ">
         <subfield code="l">BMAIN</subfield>
         <subfield code="n">455:slnanalyzed\</subfield>
         <subfield code="i">08/08/94 N</subfield>
         <subfield code="h">02/01/85 C</subfield>
         <subfield code="h">04/05/84 C</subfield>
      </datafield>
      <datafield tag="955" ind1=" " ind2=" ">
         <subfield code="l">BMAIN</subfield>
         <subfield code="c">1</subfield>
         <subfield code="a">PJ25</subfield>
         <subfield code="b">.A65 vol.51</subfield>
         <subfield code="q">82-B20921-2</subfield>
         <subfield code="r">010428681</subfield>
         <subfield code="h">02/01/85 C</subfield>
      </datafield>
      <datafield tag="955" ind1=" " ind2=" ">
         <subfield code="l">BMAIN</subfield>
         <subfield code="c">1</subfield>
         <subfield code="a">PJ25</subfield>
         <subfield code="b">.A65 vol.49</subfield>
         <subfield code="h">04/05/84 C</subfield>
      </datafield>
      <datafield tag="955" ind1=" " ind2=" ">
         <subfield code="l">BMAIN</subfield>
         <subfield code="c">1</subfield>
         <subfield code="a">PJ25</subfield>
         <subfield code="b">.A65 vol.50</subfield>
         <subfield code="h">04/05/84 C</subfield>
      </datafield>
      <datafield tag="950" ind1=" " ind2=" ">
         <subfield code="l">KEV</subfield>
         <subfield code="n">455:slnanalyzed\</subfield>
         <subfield code="i">08/08/94 N</subfield>
         <subfield code="h">02/01/85 C</subfield>
         <subfield code="h">06/29/83 RA</subfield>
         <subfield code="h">05/16/83 C</subfield>
         <subfield code="h">04/13/83 C</subfield>
      </datafield>
      <datafield tag="955" ind1=" " ind2=" ">
         <subfield code="l">KEV</subfield>
         <subfield code="c">1</subfield>
         <subfield code="a">PJ25</subfield>
         <subfield code="b">.A65 vol.49</subfield>
         <subfield code="q">82B20921-1</subfield>
         <subfield code="h">04/13/83 C</subfield>
      </datafield>
      <datafield tag="955" ind1=" " ind2=" ">
         <subfield code="l">KEV</subfield>
         <subfield code="c">1</subfield>
         <subfield code="a">PJ25</subfield>
         <subfield code="b">.A65 vol.50</subfield>
         <subfield code="q">82B20921-1</subfield>
         <subfield code="h">04/13/83 C</subfield>
      </datafield>
      <datafield tag="955" ind1=" " ind2=" ">
         <subfield code="l">KEV</subfield>
         <subfield code="c">1</subfield>
         <subfield code="a">PJ25</subfield>
         <subfield code="b">.A65 vol.51</subfield>
         <subfield code="h">02/01/85 C</subfield>
      </datafield>
      <datafield tag="955" ind1=" " ind2=" ">
         <subfield code="l">KEV</subfield>
         <subfield code="c">2</subfield>
         <subfield code="a">PJ25</subfield>
         <subfield code="b">.A65 vol.50</subfield>
         <subfield code="h">05/16/83 C</subfield>
      </datafield>
      <datafield tag="998" ind1=" " ind2=" ">
         <subfield code="a">08/08/94</subfield>
         <subfield code="t">b</subfield>
         <subfield code="s">9110</subfield>
         <subfield code="n">NNU</subfield>
         <subfield code="w">NYPG734293044B</subfield>
         <subfield code="d">09/15/82</subfield>
         <subfield code="b">KY</subfield>
         <subfield code="i">940808</subfield>
         <subfield code="h">850201</subfield>
         <subfield code="h">840405</subfield>
         <subfield code="h">830629</subfield>
         <subfield code="h">830516</subfield>
         <subfield code="h">830413</subfield>
         <subfield code="l">NYUG</subfield>
      </datafield>
      <datafield tag="AVA" ind1=" " ind2=" ">
         <subfield code="a">NYU50</subfield>
         <subfield code="b">BOBST</subfield>
         <subfield code="c">Main Collection</subfield>
         <subfield code="d">PJ25 .A65 vol.49-51</subfield>
         <subfield code="e">check_holdings</subfield>
         <subfield code="t">Check Holdings</subfield>
         <subfield code="h">Y</subfield>
         <subfield code="j">MAIN</subfield>
         <subfield code="k">0</subfield>
      </datafield>
      <datafield tag="AVA" ind1=" " ind2=" ">
         <subfield code="a">NYU50</subfield>
         <subfield code="b">NISAW</subfield>
         <subfield code="c">Oversize Collection</subfield>
         <subfield code="d">PJ25 .A65 vol. 49-51 Non-circulating</subfield>
         <subfield code="e">available</subfield>
         <subfield code="t">Available</subfield>
         <subfield code="f">1</subfield>
         <subfield code="g">0</subfield>
         <subfield code="h">Y</subfield>
         <subfield code="i">0</subfield>
         <subfield code="j">OVERZ</subfield>
         <subfield code="k">0</subfield>
      </datafield>
      <marc:datafield tag="852" ind1=" " ind2=" ">
         <marc:subfield code="b">Institute for the Study of the Ancient World, </marc:subfield>
         <marc:subfield code="c">Oversize Collection</marc:subfield>
         <marc:subfield code="e">15 East 84th St., </marc:subfield>
         <marc:subfield code="e">New York, NY  10028</marc:subfield>
      </marc:datafield>
   </record>