
  
  
  
  
  
  
  
  
  
  
  
  
 
  
  <record xsi:schemaLocation="http://www.loc.gov/MARC21/slim http://www.loc.gov/standards/marcxml/schema/MARC21slim.xsd">
      <leader>00000cam a22004458i 4500</leader>
      <controlfield tag="FMT">BK</controlfield>
      <controlfield tag="LDR">00000cam a22004458i 4500</controlfield>
      <controlfield tag="001">005894538</controlfield>
      <controlfield tag="003">OCoLC</controlfield>
      <controlfield tag="005">20171212160333.0</controlfield>
      <controlfield tag="008">170630s2017    enkabe   b    100 0 eng</controlfield>
      <datafield tag="010" ind1=" " ind2=" ">
         <subfield code="a">2017028328</subfield>
      </datafield>
      <datafield tag="020" ind1=" " ind2=" ">
         <subfield code="a">9781785706639 (hb)</subfield>
      </datafield>
      <datafield tag="020" ind1=" " ind2=" ">
         <subfield code="a">1785706632 (hb)</subfield>
      </datafield>
      <datafield tag="020" ind1=" " ind2=" ">
         <subfield code="z">9781785706646 (epub)</subfield>
      </datafield>
      <datafield tag="035" ind1=" " ind2=" ">
         <subfield code="a">(OCoLC)1004424783</subfield>
      </datafield>
      <datafield tag="040" ind1=" " ind2=" ">
         <subfield code="a">DLC</subfield>
         <subfield code="b">eng</subfield>
         <subfield code="e">rda</subfield>
         <subfield code="c">DLC</subfield>
         <subfield code="d">ERASA</subfield>
         <subfield code="d">OCLCF</subfield>
         <subfield code="d">ZYU</subfield>
      </datafield>
      <datafield tag="042" ind1=" " ind2=" ">
         <subfield code="a">pcc</subfield>
      </datafield>
      <datafield tag="050" ind1="0" ind2="0">
         <subfield code="a">GT3170</subfield>
         <subfield code="b">.E64 2017</subfield>
      </datafield>
      <datafield tag="082" ind1="0" ind2="0">
         <subfield code="a">393/.930901</subfield>
         <subfield code="2">23</subfield>
      </datafield>
      <datafield tag="245" ind1="0" ind2="0">
         <subfield code="a">Engaging with the dead :</subfield>
         <subfield code="b">exploring changing human beliefs about death, mortality and the human body /</subfield>
         <subfield code="c">edited by Jennie Bradbury and Chris Scarre.</subfield>
      </datafield>
      <datafield tag="264" ind1=" " ind2="1">
         <subfield code="a">Oxford ;</subfield>
         <subfield code="a">Havertown, PA :</subfield>
         <subfield code="b">Oxbow Books,</subfield>
         <subfield code="c">2017.</subfield>
      </datafield>
      <datafield tag="300" ind1=" " ind2=" ">
         <subfield code="a">iv, 219 pages :</subfield>
         <subfield code="b">illustrations (some color), maps, plans ;</subfield>
         <subfield code="c">29 cm</subfield>
      </datafield>
      <datafield tag="336" ind1=" " ind2=" ">
         <subfield code="a">text</subfield>
         <subfield code="b">txt</subfield>
         <subfield code="2">rdacontent</subfield>
      </datafield>
      <datafield tag="337" ind1=" " ind2=" ">
         <subfield code="a">unmediated</subfield>
         <subfield code="b">n</subfield>
         <subfield code="2">rdamedia</subfield>
      </datafield>
      <datafield tag="338" ind1=" " ind2=" ">
         <subfield code="a">volume</subfield>
         <subfield code="b">nc</subfield>
         <subfield code="2">rdacarrier</subfield>
      </datafield>
      <datafield tag="500" ind1=" " ind2=" ">
         <subfield code="a">"Papers delivered at the conference held in Durham in June 2014 to mark the closing stages of the Invisible Dead project."--Colophon</subfield>
      </datafield>
      <datafield tag="504" ind1=" " ind2=" ">
         <subfield code="a">Includes bibliographical references.</subfield>
      </datafield>
      <datafield tag="505" ind1="0" ind2="0">
         <subfield code="g">Introduction :</subfield>
         <subfield code="t">Engaging with the dead /</subfield>
         <subfield code="r">Jennie Bradbury and Chris Scarre --</subfield>
         <subfield code="t">Tracking the dead in the Neolithic : the "invisible dead" in Britain /</subfield>
         <subfield code="r">Mandy Jay and Chris Scarre --</subfield>
         <subfield code="t">Mind the gap : what did Late Bronze Age people do with their dead? : evidence from Cliffs End, Kent /</subfield>
         <subfield code="r">Jacqueline I. McKinley --</subfield>
         <subfield code="t">Romano-British rural burial practices in south-east England /</subfield>
         <subfield code="r">Alexander Smith --</subfield>
         <subfield code="t">Iron Age mortuary practices and beliefs in the Southern Levant /</subfield>
         <subfield code="r">David Ilan --</subfield>
         <subfield code="t">Taphonomy of human remains exposed in burial chambers, with special reference to Near Eastern hypogea, ossuaries and burial caves /</subfield>
         <subfield code="r">Arkadiusz Soltysiak and Rafal A. Fetner --</subfield>
         <subfield code="t">Protracted burial practices and cremation in the ancient Near East : two independent phenomena? /</subfield>
         <subfield code="r">Candida Felli --</subfield>
         <subfield code="t">Shifting identities : the human corpse and treatment of the dead in the Levantine Bronze Age /</subfield>
         <subfield code="r">Jennie Bradbury and Graham Philip --</subfield>
         <subfield code="t">Looking forward to look back: How investigations of historical burial populations can inform our interpretations of prehistoric burial practice /</subfield>
         <subfield code="r">Amanda Murphy and Andrew Chamberlain --</subfield>
         <subfield code="t">Developing and implementing "big picture" approaches in bioarchaeology : opportunities and challenges /</subfield>
         <subfield code="r">Charlotte Roberts --</subfield>
         <subfield code="t">Dead and (un)buried : reconstructing attitudes to death in long-term perspective /</subfield>
         <subfield code="r">Mike Parker Pearson --</subfield>
         <subfield code="t">Reanimating the dead : the circulation of human bone in the British later Bronze Age /</subfield>
         <subfield code="r">Joanna Brück --</subfield>
         <subfield code="t">Cultural memory and the invisible dead : the role of "old objects" in burial contexts /</subfield>
         <subfield code="r">Peter Pfälzner --</subfield>
         <subfield code="t">The visible dead : ethnographic perspectives on the curation, display and circulation of human remains in Iron Age Britain /</subfield>
         <subfield code="r">Ian Armit --</subfield>
         <subfield code="t">The distribution of graves and the food within : evidence from late 3rd to 2nd millennia BC Mari, Syria /</subfield>
         <subfield code="r">Sarah Lange --</subfield>
      </datafield>
      <datafield tag="505" ind1="8" ind2="0">
         <subfield code="t">Variations on a tomb : the Umm el-Marra mortuary complex in the context of elite burial ritual in 3rd-millennium western Syria /</subfield>
         <subfield code="r">Sarah Yukich --</subfield>
         <subfield code="t">Living with the dead, past and present : a reinterpretation of Southwest Asia's Neolithic mortuary practices in light of contemporary theories of bereavement /</subfield>
         <subfield code="r">Karina Croucher --</subfield>
         <subfield code="t">Materiality, identity, mutability : iIrresolvable tensions within burial reform /</subfield>
         <subfield code="r">Julie Rugg --</subfield>
         <subfield code="t">Beyond the invisible dead : future priorities, opportunities and challenges /</subfield>
         <subfield code="r">Jennie Bradbury and Chris Scarre.</subfield>
      </datafield>
      <datafield tag="520" ind1="8" ind2=" ">
         <subfield code="a">Engaging with the Dead' adopts a cross-disciplinary, archaeologically focused, approach to explore a variety of themes linked to the interpretation of mortuary traditions, death and the ways of disposing of the dead. Nineteen papers highlight the current vitality of 'death studies' and the potential of future research and discoveries. contributors explore changing beliefs and practices over time, considering how modern archaeology, ethnography and historical records can aid our interpretations of the past, as well as considering how past practices may have influenced understandings of death and dying within the modern world. It is clear that there are very significant variations in the quantity of dead that appear in the archaeological record over time, and the contributions to this volume attempt to understand why that might be the case. By bringing together papers from a variety of specialists working within Europe and the Near East, we investigate the pivotal role of death studies in the 21st century, providing a case for the retention of human remains in archaeological collections. Engaging with the Dead aims to set period specific contributions within a broader perspective and integrates papers from bioarchaeologists, theologists, textual specialists, as well as archaeologists. It provides an in-depth introduction to the multitude of ways in which the mortuary record can be interrogated and interpreted and explores the role of archaeology and theology within contemporary social studies. This volume challenges our current understanding and conceptualisation of mortuary practices in the ancient and contemporary world.</subfield>
      </datafield>
      <datafield tag="650" ind1=" " ind2="0">
         <subfield code="a">Funeral rites and ceremonies, Ancient</subfield>
         <subfield code="v">Congresses.</subfield>
      </datafield>
      <datafield tag="650" ind1=" " ind2="0">
         <subfield code="a">Human remains (Archaeology)</subfield>
         <subfield code="v">Congresses.</subfield>
      </datafield>
      <datafield tag="650" ind1=" " ind2="0">
         <subfield code="a">Social archaeology</subfield>
         <subfield code="v">Congresses.</subfield>
      </datafield>
      <datafield tag="650" ind1=" " ind2="7">
         <subfield code="a">Funeral rites and ceremonies, Ancient.</subfield>
         <subfield code="2">fast</subfield>
         <subfield code="0">(OCoLC)fst00936237</subfield>
      </datafield>
      <datafield tag="650" ind1=" " ind2="7">
         <subfield code="a">Human remains (Archaeology)</subfield>
         <subfield code="2">fast</subfield>
         <subfield code="0">(OCoLC)fst00963213</subfield>
      </datafield>
      <datafield tag="650" ind1=" " ind2="7">
         <subfield code="a">Social archaeology.</subfield>
         <subfield code="2">fast</subfield>
         <subfield code="0">(OCoLC)fst01122274</subfield>
      </datafield>
      <datafield tag="700" ind1="1" ind2=" ">
         <subfield code="a">Bradbury, Jennie,</subfield>
         <subfield code="e">editor.</subfield>
      </datafield>
      <datafield tag="700" ind1="1" ind2=" ">
         <subfield code="a">Scarre, Christopher,</subfield>
         <subfield code="e">editor.</subfield>
      </datafield>
      <datafield tag="776" ind1="0" ind2="8">
         <subfield code="i">Online version:</subfield>
         <subfield code="t">Engaging with the dead</subfield>
         <subfield code="d">Oxford ; Havertown, PA : Oxbow Books, 2017</subfield>
         <subfield code="z">9781785706646</subfield>
         <subfield code="w">(DLC) 2017045130</subfield>
      </datafield>
      <datafield tag="OWN" ind1=" " ind2=" ">
         <subfield code="a">GENERAL</subfield>
      </datafield>
      <datafield tag="STA" ind1=" " ind2=" ">
         <subfield code="a">DELETED</subfield>
      </datafield>
   </record>