
  
  
  
  
  
  
  
  
  
  
 
  
  <record xsi:schemaLocation="http://www.loc.gov/MARC21/slim http://www.loc.gov/standards/marcxml/schema/MARC21slim.xsd">
      <leader>00000cam a2200937 a 4500</leader>
      <controlfield tag="FMT">BK</controlfield>
      <controlfield tag="LDR">00000cam a2200937 a 4500</controlfield>
      <controlfield tag="001">005894731</controlfield>
      <controlfield tag="003">OCoLC</controlfield>
      <controlfield tag="005">20171101124515.0</controlfield>
      <controlfield tag="008">171031t19861985is af    b    001 0 eng</controlfield>
      <datafield tag="010" ind1=" " ind2=" ">
         <subfield code="a">86223369</subfield>
      </datafield>
      <datafield tag="016" ind1="7" ind2=" ">
         <subfield code="a">007776777</subfield>
         <subfield code="2">Uk</subfield>
      </datafield>
      <datafield tag="020" ind1=" " ind2=" ">
         <subfield code="a">965208073X</subfield>
      </datafield>
      <datafield tag="020" ind1=" " ind2=" ">
         <subfield code="a">9789652080738</subfield>
      </datafield>
      <datafield tag="035" ind1=" " ind2=" ">
         <subfield code="a">(OCoLC)14581646</subfield>
      </datafield>
      <datafield tag="040" ind1=" " ind2=" ">
         <subfield code="a">DLC</subfield>
         <subfield code="b">eng</subfield>
         <subfield code="c">DLC</subfield>
         <subfield code="d">NLGGC</subfield>
         <subfield code="d">BTCTA</subfield>
         <subfield code="d">CRU</subfield>
         <subfield code="d">UBY</subfield>
         <subfield code="d">GEBAY</subfield>
         <subfield code="d">J9U</subfield>
         <subfield code="d">UKMGB</subfield>
         <subfield code="d">OCLCF</subfield>
         <subfield code="d">OCLCO</subfield>
         <subfield code="d">OCLCQ</subfield>
         <subfield code="d">YDXCP</subfield>
         <subfield code="d">DEBBG</subfield>
         <subfield code="d">OCL</subfield>
         <subfield code="d">OCLCO</subfield>
         <subfield code="d">OCLCA</subfield>
      </datafield>
      <datafield tag="043" ind1=" " ind2=" ">
         <subfield code="a">a-is---</subfield>
         <subfield code="a">aw-----</subfield>
      </datafield>
      <datafield tag="050" ind1="0" ind2="0">
         <subfield code="a">QK378</subfield>
         <subfield code="b">.F34 1986</subfield>
      </datafield>
      <datafield tag="070" ind1="0" ind2=" ">
         <subfield code="a">QK378.F34</subfield>
      </datafield>
      <datafield tag="072" ind1=" " ind2="0">
         <subfield code="a">F700</subfield>
      </datafield>
      <datafield tag="072" ind1=" " ind2="0">
         <subfield code="a">K001</subfield>
      </datafield>
      <datafield tag="079" ind1=" " ind2=" ">
         <subfield code="a">(OCoLC)14581646</subfield>
      </datafield>
      <datafield tag="082" ind1="0" ind2="0">
         <subfield code="a">582.16095694</subfield>
         <subfield code="2">19</subfield>
      </datafield>
      <datafield tag="084" ind1=" " ind2=" ">
         <subfield code="a">42.40</subfield>
         <subfield code="2">bcl</subfield>
      </datafield>
      <datafield tag="084" ind1=" " ind2=" ">
         <subfield code="a">42.41</subfield>
         <subfield code="2">bcl</subfield>
      </datafield>
      <datafield tag="084" ind1=" " ind2=" ">
         <subfield code="a">WM 3500</subfield>
         <subfield code="2">rvk</subfield>
      </datafield>
      <datafield tag="100" ind1="1" ind2=" ">
         <subfield code="a">Fahn, A.,</subfield>
         <subfield code="d">1916-2012.</subfield>
      </datafield>
      <datafield tag="245" ind1="1" ind2="0">
         <subfield code="a">Wood anatomy and identification of trees and shrubs from Israel and adjacent regions /</subfield>
         <subfield code="c">by Abraham Fahn, Ella Werker, and Pieter Baas.</subfield>
      </datafield>
      <datafield tag="260" ind1=" " ind2=" ">
         <subfield code="a">Jerusalem :</subfield>
         <subfield code="b">Israel Academy of Sciences and Humanities,</subfield>
         <subfield code="c">1986, ©1985.</subfield>
      </datafield>
      <datafield tag="300" ind1=" " ind2=" ">
         <subfield code="a">221 pages, 82 pages of plates :</subfield>
         <subfield code="b">illustrations ;</subfield>
         <subfield code="c">28 cm</subfield>
      </datafield>
      <datafield tag="336" ind1=" " ind2=" ">
         <subfield code="a">text</subfield>
         <subfield code="b">txt</subfield>
         <subfield code="2">rdacontent</subfield>
      </datafield>
      <datafield tag="337" ind1=" " ind2=" ">
         <subfield code="a">unmediated</subfield>
         <subfield code="b">n</subfield>
         <subfield code="2">rdamedia</subfield>
      </datafield>
      <datafield tag="338" ind1=" " ind2=" ">
         <subfield code="a">volume</subfield>
         <subfield code="b">nc</subfield>
         <subfield code="2">rdacarrier</subfield>
      </datafield>
      <datafield tag="504" ind1=" " ind2=" ">
         <subfield code="a">Includes bibliographical references and index.</subfield>
      </datafield>
      <datafield tag="500" ind1=" " ind2=" ">
         <subfield code="6">880-01</subfield>
         <subfield code="a">Title on added t.p.: Mivneh ha-ʻetsah shel ha-ʻetsim ṿeha-śiḥim shel Yiśraʼel u-sevivatah ṿe-zihuyam.</subfield>
      </datafield>
      <datafield tag="650" ind1=" " ind2="0">
         <subfield code="a">Trees</subfield>
         <subfield code="z">Israel</subfield>
         <subfield code="v">Identification.</subfield>
      </datafield>
      <datafield tag="650" ind1=" " ind2="0">
         <subfield code="a">Shrubs</subfield>
         <subfield code="z">Israel</subfield>
         <subfield code="x">Identification.</subfield>
      </datafield>
      <datafield tag="650" ind1=" " ind2="0">
         <subfield code="a">Wood</subfield>
         <subfield code="z">Israel</subfield>
         <subfield code="v">Identification.</subfield>
      </datafield>
      <datafield tag="650" ind1=" " ind2="0">
         <subfield code="a">Wood</subfield>
         <subfield code="z">Israel</subfield>
         <subfield code="x">Anatomy.</subfield>
      </datafield>
      <datafield tag="650" ind1=" " ind2="0">
         <subfield code="a">Trees</subfield>
         <subfield code="z">Middle East</subfield>
         <subfield code="v">Identification.</subfield>
      </datafield>
      <datafield tag="650" ind1=" " ind2="0">
         <subfield code="a">Shrubs</subfield>
         <subfield code="z">Middle East</subfield>
         <subfield code="x">Identification.</subfield>
      </datafield>
      <datafield tag="650" ind1=" " ind2="0">
         <subfield code="a">Wood</subfield>
         <subfield code="z">Middle East</subfield>
         <subfield code="v">Identification.</subfield>
      </datafield>
      <datafield tag="650" ind1=" " ind2="0">
         <subfield code="a">Wood</subfield>
         <subfield code="z">Middle East</subfield>
         <subfield code="x">Anatomy.</subfield>
      </datafield>
      <datafield tag="651" ind1=" " ind2="7">
         <subfield code="a">Palaestina.</subfield>
         <subfield code="2">pleiades</subfield>
         <subfield code="0">https://pleiades.stoa.org/places/991396</subfield>
         <subfield code="5">NyNyUAW</subfield>
      </datafield>
      <datafield tag="650" ind1=" " ind2="7">
         <subfield code="a">Shrubs.</subfield>
         <subfield code="2">fast</subfield>
         <subfield code="0">(OCoLC)fst01117866</subfield>
      </datafield>
      <datafield tag="650" ind1=" " ind2="7">
         <subfield code="a">Trees.</subfield>
         <subfield code="2">fast</subfield>
         <subfield code="0">(OCoLC)fst01155984</subfield>
      </datafield>
      <datafield tag="650" ind1=" " ind2="7">
         <subfield code="a">Wood.</subfield>
         <subfield code="2">fast</subfield>
         <subfield code="0">(OCoLC)fst01179191</subfield>
      </datafield>
      <datafield tag="650" ind1=" " ind2="7">
         <subfield code="a">Wood</subfield>
         <subfield code="x">Anatomy.</subfield>
         <subfield code="2">fast</subfield>
         <subfield code="0">(OCoLC)fst01179192</subfield>
      </datafield>
      <datafield tag="651" ind1=" " ind2="7">
         <subfield code="a">Israel.</subfield>
         <subfield code="2">fast</subfield>
         <subfield code="0">(OCoLC)fst01204236</subfield>
      </datafield>
      <datafield tag="651" ind1=" " ind2="7">
         <subfield code="a">Middle East.</subfield>
         <subfield code="2">fast</subfield>
         <subfield code="0">(OCoLC)fst01241586</subfield>
      </datafield>
      <datafield tag="655" ind1=" " ind2="7">
         <subfield code="a">Identification guides.</subfield>
         <subfield code="2">fast</subfield>
         <subfield code="0">(OCoLC)fst01940354</subfield>
      </datafield>
      <datafield tag="700" ind1="1" ind2=" ">
         <subfield code="a">Werker, Ella.</subfield>
      </datafield>
      <datafield tag="700" ind1="1" ind2=" ">
         <subfield code="a">Bass, P.</subfield>
      </datafield>
      <datafield tag="710" ind1="2" ind2=" ">
         <subfield code="a">Aḳademyah ha-leʼumit ha-Yiśreʼelit le-madaʻim.</subfield>
      </datafield>
      <datafield tag="740" ind1="0" ind2=" ">
         <subfield code="a">Mivneh ha-ʻetsah shel ha-ʻetsim ṿeha-śiḥim shel Yiśraʼel u-sevivatah ṿe-zihuyam.</subfield>
      </datafield>
      <datafield tag="776" ind1="0" ind2="8">
         <subfield code="i">Online version:</subfield>
         <subfield code="a">Fahn, A., 1916-</subfield>
         <subfield code="t">Wood anatomy and identification of trees and shrubs from Israel and adjacent regions.</subfield>
         <subfield code="d">Jerusalem : Israel Academy of Sciences and Humanities, 1986, ©1985</subfield>
         <subfield code="w">(OCoLC)645897002</subfield>
      </datafield>
      <datafield tag="880" ind1=" " ind2=" ">
         <subfield code="6">500-01/</subfield>
         <subfield code="a">שער נוסף בעברית: מבנה העצה של העצים והשיחים של ישראל וסביבתה וזיהוים.</subfield>
      </datafield>
      <datafield tag="880" ind1="0" ind2=" ">
         <subfield code="6">740-00/</subfield>
         <subfield code="a">מבנה העצה של העצים והשיחים של ישראל וסביבתה וזהוים.</subfield>
      </datafield>
      <datafield tag="856" ind1=" " ind2=" ">
         <subfield code="u">http://bvbr.bib-bvb.de:8991/F?func=service&amp;doc_library=BVB01&amp;local_base=BVB01&amp;doc_number=002200414&amp;line_number=0001&amp;func_code=DB_RECORDS&amp;service_type=MEDIA</subfield>
         <subfield code="z">Inhaltsverzeichnis</subfield>
      </datafield>
      <datafield tag="994" ind1=" " ind2=" ">
         <subfield code="a">Z0</subfield>
         <subfield code="b">ZYU</subfield>
      </datafield>
      <datafield tag="OWN" ind1=" " ind2=" ">
         <subfield code="a">GENERAL</subfield>
      </datafield>
      <datafield tag="AVA" ind1=" " ind2=" ">
         <subfield code="a">NYU50</subfield>
         <subfield code="b">NISAW</subfield>
         <subfield code="c">Small Collection</subfield>
         <subfield code="d">QK378 .F34 1986 Non-circulating</subfield>
         <subfield code="e">unavailable</subfield>
         <subfield code="t">Unavailable</subfield>
         <subfield code="f">1</subfield>
         <subfield code="g">1</subfield>
         <subfield code="h">N</subfield>
         <subfield code="i">1</subfield>
         <subfield code="j">SMALL</subfield>
         <subfield code="k">0</subfield>
      </datafield>
      <marc:datafield tag="852" ind1=" " ind2=" ">
         <marc:subfield code="b">Institute for the Study of the Ancient World, </marc:subfield>
         <marc:subfield code="c">Small Collection</marc:subfield>
         <marc:subfield code="e">15 East 84th St., </marc:subfield>
         <marc:subfield code="e">New York, NY  10028</marc:subfield>
      </marc:datafield>
   </record>
  
  
  
  
  
  
  
  
  
  
  
  
 </collection>
